1709 3084
341 226 356 241 .,
393 178 724 240 EPIST.
776 192 915 237 ιη.
954 192 1025 235 x.
1216 194 1298 258 73

98 278 250 342 sunt.
298 296 418 339 non
433 276 728 337 mediocris
744 273 1059 337 adhibenda
1079 274 1218 339 mihi
1233 276 1311 339 est

97 388 256 442 cura,
293 380 358 425 ut
393 364 722 445 reipublicae
750 382 838 425 me
866 364 1048 424 civem
1078 361 1315 442 dignum

99 456 212 517 tuis
235 450 498 515 laudibus
518 448 820 532 praestum
851 452 914 509 in
942 450 1187 513 amicitia
1216 466 1314 513 tua

98 560 408 605 memorem
419 552 586 619 atque
597 552 840 617 gratum.
864 537 1019 619 quod
1036 536 1313 619 reliquum

100 628 200 705 est,
230 643 392 688 tuum
413 645 620 687 munus
647 641 822 701 tuere,
851 638 910 683 et
938 644 1050 701 me,
1080 623 1122 687 fi
1142 646 1313 706 quem

96 715 206 779 esse
221 711 467 789 voluisti,
479 732 608 773 eum
621 714 776 773 exitu
791 710 1059 793 rebusque
1070 713 1315 792 eognos-

99 804 208 881 εἰς,
233 799 470 863 defende
483 821 546 861 ac
563 797 784 880 suscipe.
831 818 959 860 eum
982 800 1317 865 Rhodanum

97 891 296 974 copiae
329 885 669 965 trajeciffem,
693 886 1030 967 fratremque
1060 906 1188 949 cum
1215 890 1315 951 tri·

99 984 206 1041 bus
238 974 484 1037 millibus
507 975 760 1054 equitum
783 972 1184 1054 praemififfem,
1203 974 1323 1059 ipse

97 1070 212 1129 iter
245 1063 320 1125 ad
342 1063 624 1123 Mutinam
653 1059 985 1138 diriget-enm
1013 1062 1073 1121 in
1096 1062 1319 1139 itinere,

99 1154 170 1217 de
187 1149 406 1235 praelio
421 1147 590 1223 ἱειὲἱο,
606 1154 893 1228 Brutoque
908 1162 965 1207 et
980 1150 1202 1211 Mutina
1217 1152 1323 1213 ob-

101 1239 323 1304 fidione
335 1236 576 1309 liberatis
579 1235 805 1313 ,audivi.
819 1234 1179 1300 animadverti
1195 1238 1322 1301 nul·

103 1329 228 1391 lum
245 1326 418 1389 alium
441 1338 718 1407 receptum
745 1326 1082 1403 Antonium,
1102 1326 1327 1409 reliqui-

104 1415 308 1497 asque,
323 1432 466 1495 quae
481 1433 606 1475 cum
617 1432 690 1475 eo
702 1410 895 1487 essent,
910 1414 1133 1491 habere,
1144 1412 1246 1489 nifi
1260 1416 1327 1477 in

105 1506 200 1567 his
218 1501 470 1584 partibus
491 1522 510 1575 ς
535 1498 776 1582 duasque
795 1502 849 1561 ei
865 1497 983 1582 spes
998 1498 1103 1561 effe
1116 1520 1329 1584 propo·

105 1589 272 1669 fita,
291 1608 466 1649 unam
487 1587 684 1671 Lepidi
705 1586 895 1669 ipsms,
924 1586 1148 1649 alteram
1169 1608 1331 1659 exer·

106 1682 290 1749 citus,
317 1675 472 1756 quod
486 1675 755 1757 quaedam
771 1694 899 1756 pars
914 1676 1191 1736 exercitus
1208 1696 1333 1739 non

107 1768 310 1829 minus
331 1761 534 1824 furiosa
561 1762 660 1840 est,
682 1782 850 1843 quam
874 1763 971 1843 qui
994 1782 1121 1824 cum
1145 1768 1333 1827 Anto·

107 1857 224 1919 nio
239 1850 491 1927 fuerunt,
511 1853 816 1931 equitatum
832 1852 1111 1913 revocavi.
1143 1850 1333 1933 ipsein

109 1940 532 2018 Allobrogibus
547 1936 790 2014 constiti,
805 1954 869 1998 ut
882 1938 1111 2021 perinde
1126 1938 1193 1999 ad
1210 1958 1337 2001 om·-

113 2032 222 2092 nia
239 2040 466 2107 paratus
487 2024 670 2102 essem,
691 2046 756 2084 ac
769 2046 855 2087 res
870 2046 961 2087 me
974 2042 1246 2089 moneret.
1294 2024 1339 2089 fi

115 2115 317 2179 nudus
348 2116 457 2173 huc
479 2111 532 2173 se
555 2114 841 2173 Antonius
872 2114 1142 2188 conferet,
1178 2111 1342 2173 facile

111 2204 270 2269 mihi
291 2198 488 2261 videor
503 2222 602 2281 per
615 2221 702 2262 me
723 2198 979 2261 sustinere
1000 2198 1171 2281 posse,
1195 2220 1343 2263 rem·

114 2310 244 2372 que
270 2286 547 2369 publicam
567 2308 643 2349 ex
669 2286 843 2348 vestra
868 2285 1136 2349 sententia
1166 2286 1343 2349 admi·

115 2374 389 2451 nistrare,
418 2378 672 2454 quamvis
688 2377 757 2435 ab
777 2377 1027 2435 exercitu
1042 2374 1236 2454 Lep3di
1257 2394 1344 2434 re·

117 2465 398 2547 cipiatur.
431 2460 472 2523 fi
487 2475 620 2525 ver'o
636 2464 922 2543 copiarum
946 2460 1151 2541 aliquid
1167 2458 1346 2521 secum

115 2548 395 2630 adducet,
403 2564 480 2630 et,
491 2550 529 2615 fi
544 2552 754 2616 decima
766 2548 913 2631 legio
924 2562 1349 2631 vetermtafluae

714 2644 774 2697 D
