1709 3084
418 129 468 184 E
491 129 536 185 P
557 129 642 185 IS
663 128 745 184 T.
797 143 937 186 mn.
968 142 1109 186 κη.
1245 143 1358 206 197

97 225 300 287 circo
341 221 572 285 tulimub
584 265 606 299 ,
641 219 803 303 'quod
837 213 1159 303 interceptis
1199 225 1373 287 literis

106 331 556 390 cognoramuS,
587 309 933 370 Dolabellam
950 355 969 386 ,
992 309 1033 370 fi
1052 310 1373 393 desperasset

114 400 202 459 de
228 401 405 478 Syria
431 403 825 477 Aegyptoque,
853 397 1007 476 quod
1032 395 1239 459 neeesse
1252 415 1373 461 erat

117 485 290 560 fieri,
308 487 377 544 in
395 505 567 544 naves
583 505 710 543 cum
731 486 995 543 omnibus
1012 483 1121 544 suis
1138 486 1372 546 latroni-

117 575 250 632 bus
271 587 450 650 atque
468 573 625 630 omni
641 573 873 651 pecunia
886 567 1375 634 conscendere'effe

122 671 404 739 paratum
410 701 429 733 ,
449 656 772 737 Italiamque
795 672 979 738 petere
997 680 1014 717 ε
1038 657 1245 720 idcirco
1262 655 1369 720 eti-

126 759 232 804 am
247 765 434 804 naves
449 746 751 819 onerarias,
775 763 1007 824 quarum
1024 747 1212 807 minor
1236 745 1367 806 nul·

130 829 194 891 la
215 845 344 890 erat
367 830 545 891 duam
573 830 809 891 millium
839 834 1191 910 amphoram,
1223 851 1365 894 con-

135 923 356 978 traaas
371 919 432 978 in
449 919 625 1000 Lycia
641 937 672 976 a
689 913 844 978 claffe
857 917 979 995 ejus
994 917 1248 980 obsideri.
1264 923 1371 980 hu·

121 1005 242 1084 jus
259 1006 344 1064 rei
373 1007 596 1080 timore,
622 1012 810 1064 Patres
841 1002 1162 1084 conscripti,
1190 1008 1369 1087 perci·

141 1106 270 1166 tus,
287 1091 526 1168 injurias
543 1093 778 1172 perpeti,
803 1106 861 1150 et
884 1111 1011 1152 cum
1034 1093 1371 1153 contumelia

147 1180 325 1239 etiam
341 1177 530 1238 nostra
545 1180 738 1238 omnia
751 1180 905 1259 prius
922 1181 1161 1260 experiri
1174 1180 1365 1241 malui.

149 1267 349 1346 itaque
371 1264 442 1324 ad
464 1265 690 1324 illorum
716 1265 1063 1326 voluntatem
1078 1267 1371 1330 introduc·

151 1359 254 1412 tue
273 1354 335 1410 in
359 1347 546 1412 arbem
561 1353 692 1411 etin
709 1350 951 1412 {enatum
969 1373 1183 1430 eorum,
1200 1373 1369 1434 quam

155 1437 558 1516 diligentissune
587 1437 768 1519 potni,
797 1438 1011 1500 causam
1040 1439 1391 1522 reipublicae

163 1527 286 1604 egi:
309 1525 724 1604 periculumque
739 1545 929 1602 omne,
948 1526 1101 1606 quod
1123 1526 1370 1604 instaret,

163 1609 208 1670 fi
230 1612 322 1672 ille
337 1612 482 1672 latro
499 1633 624 1673 cum
639 1615 897 1672 omnibus
915 1609 1023 1671 suis
1041 1633 1207 1672 naves
1232 1633 1371 1673 con·

169 1696 470 1774 scendiss'et,
492 1697 746 1780 exposui.
781 1699 1030 1784 Rhodios
1048 1715 1229 1759 autem
1246 1716 1373 1760 tan·

172 1800 232 1844 ta
243 1787 302 1843 in
317 1787 584 1865 pravitate
600 1785 961 1846 animadverti
966 1801 1050 1862 ,ut
1066 1805 1261 1846 omnes
1276 1785 1371 1845 fir-

175 1873 368 1932 miores
383 1887 663 1950 putarent,
694 1893 862 1952 quam
886 1874 1107 1933 bonos:
1138 1888 1203 1932 ut
1224 1877 1370 1933 hanc

177 1959 521 2018 concordiam
534 2002 555 2034 ,
591 1973 650 2018 et
679 1958 1149 2039 conspirationem
1184 1961 1371 2020 omni·

177 2065 268 2106 um
279 2044 527 2106 ordinum
540 2046 607 2106 ad
625 2045 1023 2106 defendendam
1037 2042 1367 2122 libertatem,

179 2129 432 2212 propense
451 2153 573 2192 non
599 2131 886 2192 crederent
908 2132 1011 2194 effe
1040 2132 1271 2193 fastamz
1306 2139 1383 2192 ut'

183 2220 485 2297 patientiam
523 2217 741 2278 senatus
771 2235 828 2279 et
866 2221 1079 2304 optimi·
1108 2215 1371 2298 cujusque

187 2323 388 2364 manere
401 2307 570 2366 etiam
593 2327 746 2367 nune
761 2306 1129 2380 confiderent,
1147 2326 1249 2365 nec
1264 2323 1371 2384 po-

192 2387 326 2449 tuisse
340 2391 532 2451 audere
546 2413 878 2473 quemquam
889 2383 1375 2452 Dolabellam‘hos-

193 2490 292 2537 tem
313 2477 590 2557 judicaret
623 2495 689 2539 ut
723 2480 963 2560 denique
994 2473 1204 2558 omnia,
1234 2494 1379 2560 quae

729 2571 843 2642 14
