1709 3084
532 173 861 233 EPIST.
914 188 1213 236 mmm.
1354 194 1474 256 179
1505 242 1523 255 ,

261 290 392 336 mea
422 266 690 331 sententia
711 273 773 331 in
801 270 995 331 senatu
1025 273 1183 333 facile
1208 274 1475 351 valnissiet,

263 356 374 419 nifi
389 354 562 417 Pansa
577 361 929 419 vehementer
942 358 1250 421 obstitisset.
1280 381 1345 420 ea
1357 359 1479 422 sen·

265 445 448 506 tentia
467 443 635 519 dicta,
668 444 967 524 productus
998 445 1113 506 sum
1146 448 1209 506 in
1247 448 1479 507 concio-

267 552 404 591 nem
418 550 450 590 a
463 532 692 591 tribuno
706 530 883 611 plebis
901 536 985 592 M.
1003 532 1255 593 Servilio.
1280 530 1399 592 dixi
1414 533 1483 595 de

267 632 330 677 te
343 637 486 697 quae
505 619 688 697 potui,
711 632 866 677 tanta
890 620 1277 693 contentione,
1300 638 1478 697 quan-

265 718 394 764 tum
407 702 592 765 forum
607 702 702 763 est:
725 718 889 763 tanto
905 704 1165 781 clamore,
1187 704 1479 767 consensu-

267 808 385 870 que
399 790 618 870 populi,
641 806 704 849 ut
721 789 863 849 nihil
880 811 1123 871 unquam
1138 789 1309 851 fimiie
1324 792 1480 853 vide-

266 879 402 937 rim.
425 875 482 934 id
501 876 666 935 velim
682 878 816 937 mihi
831 876 1111 954 ignoscas,
1133 877 1286 957 quod
1304 880 1482 939 invita

267 960 434 1024 socru
457 976 550 1021 tua
564 960 788 1021 fecerim
797 1004 813 1021 .
843 963 1039 1023 mulier
1052 962 1245 1022 timida
1256 966 1480 1027 vereba-

269 1064 392 1123 tur,
414 1069 490 1107 ne
509 1044 712 1107 Pansae
739 1050 959 1107 animus
996 1046 1390 1109 offenderetur.
1422 1052 1483 1111 in

265 1137 552 1196 concione
581 1132 810 1213 quidem
843 1132 1017 1195 Pansa
1046 1134 1213 1213 dixit,
1256 1152 1483 1197 manem

267 1241 499 1303 quoque
515 1234 693 1296 tuam,
706 1236 764 1280 et
779 1219 1028 1295 fratrem,
1042 1220 1193 1281 illam
1208 1244 1241 1281 a
1256 1242 1347 1282 me
1360 1220 1483 1285 sen·

267 1309 510 1369 tentiam
531 1305 766 1368 nolniffi:
790 1308 928 1367 dici.
969 1306 1059 1367 sed
1088 1329 1175 1368 me
1196 1312 1331 1369 haec
1360 1328 1483 1369 non

267 1396 598 1456 movebant:
617 1393 725 1453 alia
737 1393 1023 1455 malebam.
1041 1394 1289 1456 favebam
1304 1411 1363 1455 et
1376 1397 1483 1455 rei·

255 1470 545 1563 publicae,
567 1481 655 1539 cui
673 1478 888 1561 semper
905 1480 1045 1557 favi,
1068 1497 1125 1540 et
1148 1482 1407 1559 dignitati
1419 1502 1485 1541 ac

269 1566 482 1645 gloriae
497 1565 798 1645 tuae.quod
812 1581 999 1627 autem
1012 1570 1146 1628 etin
1158 1564 1343 1626 senatu
1361 1566 1484 1646 plu-

255 1655 432 1714 ·'ribus
446 1653 630 1713 verbis
643 1650 885 1730 differui,
906 1668 961 1712 et
974 1652 1095 1713 dixi
1108 1654 1171 1713 in
1188 1653 1487 1728 concione,

269 1741 339 1800 in
361 1759 430 1797 eo
445 1738 614 1799 velim
627 1736 790 1799 fidem
807 1757 985 1798 meam
1008 1738 1225 1799 liberes.
1265 1737 1487 1818 promisi

269 1826 510 1902 enim‚et
526 1843 700 1907 prope
715 1822 1069 1901 confirmavi,
1080 1840 1135 1885 te
1151 1844 1273 1885 non
1287 1844 1489 1905 expec-

271 1908 432 1988 taffie,
461 1932 564 1972 nec
603 1914 1021 1992 expectaturum
1040 1910 1261 1972 decreta
1280 1909 1490 1990 nostra,

271 1994 371 2059 sed
383 2012 438 2057 te
447 1995 622 2077 ipsum
629 2012 734 2057 tuo
741 2016 897 2061 more
910 1998 1295 2081 rempublicam
1306 1997 1492 2058 defen-

275 2080 488 2145 surum.
535 2100 592 2144 et
606 2103 923 2164 quanquam
940 2085 1077 2144 nihil
1092 2084 1223 2145 dum
1244 2084 1490 2143 audiera-

275 2190 431 2246 mus,
448 2188 550 2227 nec
563 2171 658 2230 ubi
671 2166 828 2245 effes,
845 2191 947 2231 nec
962 2190 1101 2250 quas
1116 2170 1307 2248 copias
1321 2170 1490 2229 habe·

279 2276 394 2317 res.
421 2270 606 2315 tamen
621 2254 695 2315 fic
713 2252 1030 2331 statuebam,
1055 2273 1253 2315 omnes
1268 2273 1407 2332 quae
1428 2257 1490 2315 in

285 2339 400 2401 istis
425 2342 672 2422 partibus
689 2339 859 2401 ess'ent
874 2362 1007 2423 opes
1024 2342 1346 2442 copiaeque,
1369 2356 1495 2401 tuas

287 2424 426 2489 effe·
451 2448 550 2509 per
573 2434 736 2507 teque
757 2424 937 2488 Afiam
954 2429 1297 2507 provinciam
1315 2427 1493 2488 confi-

289 2512 618 2599 debamjam
638 2514 969 2597 reipublicae
992 2527 1386 2597 recuperatam.
1431 2526 1496 2573 tu
