1709 3084
398 143 734 206 EPIST.
788 157 932 204 mn.
967 156 1134 200 xm.
1236 149 1352 214 273

198 341 313 396 .1⁴⁶·
338 341 402 380 τ.
433 339 491 382 c.
520 321 773 384 'acuto
807 340 1006 382 noc.
1033 339 1082 382 s.
1113 338 1172 382 ι’.
1199 337 1268 381 12.
1357 387 1362 394 ,

28 439 54 483 3
70 437 91 472 r
234 407 385 468 Caio
406 407 626 484 Flavio,
645 403 879 470 honesto
900 423 959 466 et
980 421 1184 468 ornato
1201 404 1356 485 equi·

122 509 199 554 te
228 495 517 568 Romano,
533 509 664 556 utor
678 491 838 556 valde
861 492 1220 555 familiariter.
1251 489 1358 550 fuit

120 579 294 640 enim
307 580 498 656 generi
522 581 653 654 mei,
677 585 747 640 C.
768 577 1008 654 PisoniS,
1025 573 1355 658 perneceffit·

125 665 289 742 rius,
308 683 504 744 meque
518 663 914 742 diligentissime
928 661 1182 727 observat
1195 677 1254 726 et
1265 664 1356 744 ip·

130 747 219 827 se,
255 766 315 810 et
334 755 407 810 L.
426 749 675 829 Flavius,
701 747 871 812 frater
885 747 1028 828 ejus.
1075 769 1354 832 quaprop-

130 852 232 896 ter
248 833 415 898 velim
439 837 672 898 honoris
695 837 801 898 mei
832 833 1013 910 causa,
1036 837 1235 915 quibus
1266 855 1353 896 re·

132 924 250 985 bus
269 917 492 983 honeste
508 937 562 982 et
584 941 687 1002 pro
710 939 803 985 tua
832 921 1098 1002 dignitate
1117 921 1366 1003 poteris,

138 1028 317 1087 quam
332 1003 889 1084 honorificentiffime,
902 1022 957 1068 et
973 1027 1139 1086 quam
1153 1006 1356 1068 libera-

140 1093 339 1155 lissime
354 1099 401 1152 C
408 1136 423 1152 .
443 1093 695 1154 Flavium
713 1093 929 1154 tractes.
978 1091 1036 1152 id
1053 1093 1190 1154 mihi
1203 1089 1273 1156 fic
1293 1112 1352 1150 e-

144 1182 227 1240 rit
257 1194 501 1258 gratum,
544 1194 608 1240 ut
636 1182 848 1261 gratius
872 1175 975 1242 effe
997 1179 1137 1240 nihil
1169 1177 1351 1258 possit.

146 1263 243 1326 sed
255 1280 533 1345 praeterea
558 1265 657 1326 tibi
681 1265 919 1340 affirmo,
949 1285 1128 1346 neque
1154 1263 1212 1325 id
1235 1285 1352 1326 am-

147 1351 369 1412 bitione
388 1347 654 1412 addustus
677 1349 845 1446 ἰείη,
877 1347 965 1411 sed
982 1371 1106 1424 cum
1116 1347 1354 1411 familia·

151 1438 319 1498 ritate
333 1451 389 1496 et
410 1435 813 1512 necessitudine,
828 1452 948 1504 tum
971 1437 1134 1498 etiam
1151 1439 1354 1497 verita-

154 1537 234 1596 τες
260 1537 315 1582 te
328 1542 401 1582 ex
416 1527 483 1604 C..
501 1519 676 1584 Flavii
692 1521 903 1598 officio,
917 1537 976 1582 et
987 1519 1359 1598 observantia,

154 1621 503 1690 etpraetetea
524 1605 836 1689 splendore,
865 1627 1031 1688 atque
1061 1610 1206 1674 inter
1226 1606 1354 1669 suos

154 1695 355 1774 gratia,
384 1713 642 1774 magnam
670 1693 1012 1782 voluptatem
1033 1691 1137 1756 effe
1165 1709 1368 1778 captus

156 1801 303 1848 tum.
350 1779 499 1847 vale.

250 1973 326 2016 u.
358 1971 490 2015 τηε.
518 1971 767 2017 acuto
799 1972 995 2016 noc.
1033 1971 1090 2015 s-
1115 1971 1174 2015 ι’.
1197 1969 1268 2014 D.

246 2045 317 2101 In
338 2037 594 2102 Halefina
620 2040 864 2116 civitate,
887 2055 1000 2100 tam
1021 2035 1192 2116 lauta,
1212 2053 1358 2104 tam·

162 2119 484 2208 q'uenobili,
500 2126 630 2204 conj
638 2125 969 2190 unffiffimos
990 2125 1166 2186 habeo
1181 2126 1360 2186 etho-

160 2211 347 2294 spitio‚
376 2226 435 2272 et
448 2209 813 2282 familiaritate
828 2217 914 2274 M.
931 2217 1074 2272 etC.
1103 2207 1368 2286 Clodios,

156 2300 603 2376 Archagathum,
610 2312 666 2358 et
680 2297 991 2360 Philonem.
1025 2294 1128 2358 sed
1142 2314 1364 2374 vereor,

166 2404 259 2459 ne,
290 2385 419 2463 quia
441 2384 751 2464 complures
775 2385 876 2443 tibi
902 2383 1188 2466 praecipue
1207 2402 1366 2464 coma·

169 2467 700 2552 meudo,exaequate
711 2467 902 2549 videar
915 2471 1055 2531 ambi
1062 2470 1212 2533 tione
1223 2487 1363 2552 qua·

88 2085 149 2133 32
