1709 3084
330 193 458 240 210
542 179 668 236 AD
711 175 1310 234 FAMILIARES

323 292 390 336 ut
405 278 594 338 omnia
617 273 818 334 referas
841 275 909 334 ad
938 273 1283 352 dignitatem,
1306 293 1419 353 qua
1444 277 1553 335 ni·

324 364 406 424 hil
438 359 610 443 potest
631 359 734 420 elle
758 357 1139 440 praestantius.
1185 365 1317 420 vere
1348 377 1552 422 tecum

327 471 506 528 agam,
529 463 594 507 ut
609 446 937 506 necessitudo
966 447 1149 506 nostra
1164 445 1423 525 postulat.
1478 451 1547 508 in

326 537 675 615 SemproniO,
697 531 737 592 fi
751 535 885 592 meis
900 532 1075 592 literis
1090 531 1551 613 obtemperasses»,

329 624 628 683 maximam
665 621 735 678 ab
765 621 1028 678 omnibus
1058 618 1271 678 laudem
1300 619 1549 699 adeptus

330 707 485 767 effes,
517 705 608 766 sed
623 705 760 764 illud
775 721 828 764 et
845 707 1146 784 praeteriit,
1168 721 1225 764 et
1240 705 1545 767 leviusest.

332 796 466 854 haec
481 813 680 870 magna
703 812 790 850 res
815 789 914 850 est.
960 791 1068 866 fac,
1092 807 1155 850 ut
1183 794 1555 871 provinciam·

333 881 569 940 retineas
599 881 658 938 in
689 875 953 957 potestate
982 878 1335 958 reipublicae.
1381 879 1551 957 plura

335 961 669 1046 scripfiss‘em,
708 962 810 1024 nifi
845 965 927 1024 tui
954 963 1291 1024 festinarent.
1350 967 1551 1047 itaque

341 1055 622 1134 Cherippo
637 1050 827 1112 nostro
843 1071 937 1112 me
946 1050 1113 1112 velim
1128 1049 1377 1112 excuses,

365 1246 440 1288 M.
465 1247 528 1288 ‘r-
551 1246 820 1289 exemto
853 1245 911 1287 Ρ.
930 1245 1352 1288 οοιῑΝιΡιοιο
1376 1245 1425 1286 8.
1448 1246 1525 1288 n.

433 1322 670 1374 Omnem
687 1312 1071 1374 conditionem
1084 1313 1297 1392 imperii
1312 1315 1418 1387 tui,
1440 1312 1549 1373 sta-
1568 1318 1621 1362 23

343 1417 574 1479 tumque
611 1401 933 1481 provinciae
969 1401 1105 1458 mihi
1146 1398 1549 1460 demonstravit

345 1489 665 1548 strator-ius,
723 1488 764 1546 ὃ
804 1485 975 1548 multa
1010 1485 1377 1546 intolerabilia
1404 1485 1547 1546 loeis

343 1575 634 1634 omnibus!
663 1571 776 1646 sed,
809 1592 925 1651 quo
951 1587 1046 1631 tua
1068 1572 1252 1649 major
1276 1572 1546 1649 dignitato,

345 1679 436 1733 ee,
463 1681 604 1739 quae
621 1662 720 1718 tibi
737 1659 1079 1732 acciderunt,
1101 1659 1284 1718 minus
1298 1658 1545 1720 ferenda.

345 1766 526 1825 neque
539 1747 708 1819 enim,
731 1765 875 1825 quae
892 1761 951 1803 tu
975 1760 1201 1825 propter
1214 1745 1546 1822 magnitudi-

347 1853 478 1892 nem
494 1848 549 1892 et
565 1833 736 1890 animi
753 1847 810 1890 et
823 1832 1037 1907 ingenii
1052 1829 1335 1890 moderate
1358 1831 1493 1904 fers,
1516 1853 1549 1892 a

349 1933 406 1976 te
422 1939 539 1976 non
557 1915 863 1977 ulciscenda
880 1914 1027 1990 sunt,
1048 1919 1217 1978 etiam
1229 1915 1269 1976 fi
1282 1939 1401 1977 non
1422 1916 1457 1975 s
1447 1933 1551 1978 unt

347 2003 606 2064 dolenda.
632 2001 722 2063 sed
737 2007 871 2064 haec
888 2002 1172 2083 posterius.
1194 2023 1376 2064 rernm
1389 2005 1550 2066 urba-

346 2111 543 2150 narum
559 2095 675 2150 ada
691 2091 790 2150 tibi
805 2091 953 2152 mitti
970 2092 1125 2149 oertb
1140 2086 1273 2150 scio,
1320 2089 1475 2170 quod
1490 2097 1551 2152 nl

347 2178 432 2246 ita!
443 2198 512 2256 pu
520 2193 714 2252 tarem,
726 2175 838 2256 ipse
852 2174 1325 2255 perscriberem,in
1338 2175 1551 2256 primis-

347 2284 458 2342 que
473 2261 716 2336 Caesaris
735 2265 1029 2322 octaviani
1044 2277 1327 2322 conatum:
1354 2262 1425 2321 de
1439 2283 1553 2340 quo

346 2348 696 2425 multitudini
707 2347 893 2408 fisturn
902 2350 971 2408 ab
983 2355 1073 2408 An
1079 2351 1241 2408 tenio
1252 2350 1463 2408 crimen
1476 2350 1557 2410 vi-

347 2433 528 2507 detur,
555 2449 620 2492 ut
648 2436 708 2494 in
742 2435 1032 2513 pecuniam
1058 2433 1423 2496 adolescentis
1452 2436 1557 2496 im·

348 2533 546 2606 petum
575 2517 810 2584 faceret:
833 2519 1133 2607 prudentes
1146 2538 1329 2588 autem
1350 2535 1409 2583 et
1422 2522 1563 2588 boni
