1709 3084
430 177 544 235 ΕΡ
569 181 758 237 IST.
807 196 945 239 ιη.
969 198 1109 241 xu-
1242 200 1361 257 207

158 274 282 351 bis,
307 272 434 335 sane
447 296 534 335 me
547 275 879 335 commovit.
900 288 1171 354 quantum
1184 278 1369 356 copia.-

158 382 294 422 rum
309 364 562 437 haberes,
575 382 704 420 cum
719 359 827 441 ipse
845 362 977 439 conj
984 365 1167 421 cetura
1182 360 1371 423 conse·

157 450 268 530 qui
281 465 555 529 poteram,
584 463 700 507 tum
725 468 798 505 ex
814 450 926 507 tuis
952 448 1127 507 literis
1160 467 1374 527 cogno·

157 536 248 599 vi.
299 537 484 615 itaque
499 550 661 615 epte,
687 555 756 594 ne
779 533 831 593 se
862 534 957 592 illa
982 554 1123 612 gens
1152 552 1377 597 moveat

161 622 282 684 hoc
298 620 706 701 tempore‚dum
721 620 790 681 ad
807 637 863 679 te
876 619 1125 699 legiones
1138 641 1235 681 eae
1248 642 1371 703 per.

163 706 470 784 ducantur,
482 728 620 787 quas
635 706 798 767 audio
815 706 963 767 duci.
986 707 1140 787 quod
1154 706 1195 767 fi
1208 730 1367 789 pares

161 798 362 876 copias
375 794 444 855 ad
453 795 620 857 confli
623 792 861 871 gendum
872 813 991 854 non
1002 796 1372 870 habebis,non

163 896 228 941 te
241 882 416 959 fugiet
429 882 510 939 uti
525 878 754 941 confilio
771 886 856 939 M.
876 880 1077 939 Bibuli:
1092 883 1185 960 qui
1204 880 1253 943 st
1268 901 1371 965 op·

160 967 304 1049 pido
317 967 670 1027 munitiffimo
689 982 746 1025 et
761 964 1119 1047 copiofissimo
1137 984 1249 1027 tam
1275 968 1373 1031 diu

165 1056 378 1129 tenuit,
401 1074 568 1134 quam
590 1053 686 1113 diu
703 1055 762 1111 in
779 1054 1071 1132 provincia
1084 1056 1271 1113 Parthi
1284 1052 1373 1113 su-

164 1158 358 1201 erunt.
403 1140 492 1201 sed
507 1143 640 1199 hae'c
655 1139 846 1199 melius
862 1158 935 1199 ex
951 1161 1029 1214 re,
1053 1156 1111 1200 et
1132 1160 1205 1199 ex
1235 1156 1375 1201 tem-

165 1248 310 1310 pore
331 1227 652 1289 constitues·
697 1228 835 1285 mihi
849 1226 1071 1307 quidem
1094 1225 1262 1307 usque
1276 1249 1372 1287 cu-

167 1335 267 1374 rae
281 1315 388 1374 etit
401 1312 534 1394 quid
549 1334 700 1393 agas,
717 1312 869 1390 dum,
887 1312 1019 1393 quid
1034 1316 1207 1391 egeris
1212 1356 1231 1389 ‚
1246 1311 1374 1375 scie.-

165 1420 262 1462 ro.
309 1402 492 1459 literas
517 1400 585 1459 ad
603 1416 656 1460 te
671 1420 959 1479 nunquam
972 1402 1139 1460 habui
1160 1402 1248 1459 cui
1274 1401 1371 1461 da-

165 1508 311 1564 rem,
330 1488 468 1566 quin
483 1486 746 1547 dederim.
793 1507 825 1565 a
841 1501 917 1563 te,
941 1501 1002 1545 ut
1018 1486 1159 1547 idem
1177 1484 1371 1565 facias,

165 1589 327 1655 peto:
341 1575 399 1633 in
417 1572 732 1653 primisque,
749 1587 812 1630 ut
825 1574 904 1632 ita
918 1570 986 1631 ad
1004 1587 1129 1633 tuos
1146 1571 1371 1650 scribas,

165 1676 234 1721 ut
245 1680 335 1721 me
351 1675 508 1721 tuum
529 1656 702 1721 sciant
716 1656 840 1719 effe.
887 1657 1031 1721 vale.

379 1853 450 1895 c1
467 1851 648 1893 ceno
683 1850 953 1893 conmr
972 1851 1165 1893 1010.

87 1939 152 1975 20
257 1926 461 1981 Gratae
475 1920 612 1979 mihi
630 1934 752 1979 tuae
774 1918 984 1993 literae,
1006 1916 1107 1977 nifi
1124 1917 1273 1997 quod
1290 1922 1373 1980 Si-

166 2004 485 2067 nueffanum
521 2003 941 2068 diversoriolum
966 2004 1332 2087 contempfisti
1350 2050 1371 2067 .

165 2112 336 2171 quam
360 2092 578 2171 quidem
602 2090 995 2151 contumeliam
1016 2090 1147 2149 villa
1174 2090 1371 2171 pufilla
1412 2090 1419 2093 ’

165 2179 364 2259 iniquo
385 2179 574 2240 animo
597 2176 756 2252 fetet,
802 2176 904 2241 nisi
932 2180 993 2241 in
1028 2182 1287 2235 Cumano
1316 2194 1375 2239 et

169 2275 506 2354 Pompeiano
521 2271 830 2333 reddideris
860 2259 1049 2335 σαίΊα
1070 2271 1204 2351 περὶ
1220 2258 1373 2329 σαίν-

167 2392 296 2433 των.
341 2369 413 2431 fic
431 2372 601 2448 igitur
629 2369 820 2445 facies,
842 2390 1041 2451 meque
1052 2372 1289 2446 amabis,
1310 2385 1376 2434 et.

166 2460 370 2543 scripto
387 2463 576 2542 aliquo
591 2461 832 2524 laceffes.
847 2484 953 2543 ego
966 2466 1116 2524 enim
1132 2463 1371 2543 respon·-

164 2548 292 2612 dere
311 2548 530 2612 facilius
567 2547 800 2631 possum,
837 2568 1007 2635 qnam
1035 2566 1370 2636 provocate.
