1709 3084
373 157 494 220 262
585 159 712 216 AD
757 155 1359 216 FAMILIARES

367 276 492 316 mor
505 266 562 314 et
569 268 766 332 gratus
781 251 911 329 fuit,
924 271 1124 332 meque
1138 251 1325 334 posta
1338 250 1597 332 diligua-

366 339 554 404 uffime
567 340 764 400 coluit.
793 359 921 400 eum
936 339 1035 398 tibi
1056 359 1399 419 magnopere
1422 360 1596 402 com-

365 427 595 502 mendo,
609 442 673 486 ut
689 442 744 486 et
759 421 1029 505 hospitem
1042 441 1250 500 meum,
1266 441 1329 484 et
1340 424 1593 488 familia·

367 535 510 587 rem,
529 529 588 574 et
607 527 828 591 gratum
857 513 1161 584 hominem,
1182 526 1241 570 et
1258 514 1461 574 virum
1482 514 1593 574 bo·

367 621 525 674 num,
546 615 604 660 et
626 599 931 678 principem
952 597 1193 656 civitatis
1212 593 1363 673 suae,
1396 614 1465 658 et
1493 615 1593 660 tua

368 684 751 752 necessitudine
761 681 1591 764 digniffimum.pergratummi-

365 775 424 854 hi
439 772 654 845 feceris,
671 767 712 830 fi
725 769 939 831 dederis
962 789 1207 850 operam,
1222 785 1288 829 ut
1304 771 1354 829 is
1368 769 1589 831 intelil-

365 875 462 938 gat
483 862 626 920 hanc
647 878 824 918 meam
847 855 1395 917 commendationem
1422 877 1585 936 mag·

367 967 504 1008 num
517 942 663 1028 apud
680 960 733 1004 te
747 941 975 1025 pondus
986 941 1245 1004 habuiss'e·
1291 941 1451 1006 vale.

633 1135 897 1178 cxctno
940 1134 1065 1180 sna
1084 1134 1216 1178 vro
1251 1135 1307 1178 s,

415 1205 664 1266 Lucius
675 1201 973 1264 Mescinius
986 1223 1051 1262 ea
1063 1221 1279 1264 mecum
1290 1201 1581 1266 neeessim·
1592 1202 1639 1248 2⁶

367 1253 501 1352 dine
511 1312 644 1370 cong
625 1290 850 1352 anetus
863 1289 963 1372 est,
980 1287 1137 1370 quod
1150 1288 1291 1350 mihi
1318 1288 1583 1370 quaestor

365 1377 494 1438 fuit.
515 1374 605 1437 sed
621 1379 766 1438 hanc
779 1365 1016 1449 caesam,
1030 1395 1199 1455 quam
1212 1395 1320 1454 ego
1333 1390 1403 1436 ut
1418 1397 1455 1438 a
1468 1397 1585 1438 ma·

359 1464 578 1543 joribus
595 1466 800 1544 accepi,
813 1461 1021 1544 semper
1032 1482 1253 1540 gravem
1269 1461 1585 1542 duxi,fecit
1685 1509 1686 1516 κ

367 1552 576 1612 virtute
593 1565 650 1610 et
665 1551 1003 1610 humanitate
1016 1546 1110 1610 sua
1122 1547 1443 1628 justiorem.
1472 1550 1581 1612 ita·

361 1657 475 1718 que
498 1657 566 1696 eo
587 1635 659 1698 fic
688 1652 840 1711 utor,
862 1651 929 1696 ut
958 1657 1061 1696 nec
1088 1634 1421 1696 familiarius
1440 1635 1584 1714 ullo,

367 1743 472 1788 nec
486 1721 768 1784 libentius.
791 1723 838 1782 is
855 1742 1175 1802 quanquam
1192 1720 1481 1784 confidere
1492 1725 1584 1786 vi·

367 1809 620 1884 debatur,
638 1825 698 1868 et
711 1807 803 1868 sua
817 1807 1001 1882 causa,
1032 1828 1173 1887 quae
1198 1807 1432 1870 honeste
1454 1807 1581 1892 pos-

364 1893 470 1969 ses,
492 1893 728 1954 libenter
747 1893 852 1954 effe
867 1893 1164 1966 fasturum,
1147 1917 1162 1932 ·
1190 1895 1581 1975 magnumess'e
1679 1927 1680 1940 ι

366 1997 551 2040 tamen
567 1977 804 2060 speravit
827 1979 971 2060 apud
1000 1996 1053 2040 te
1076 2001 1227 2040 meas
1250 2001 1491 2062 quoque
1510 1983 1581 2045 li-

363 2083 533 2127 teras.
576 2065 632 2124 id
647 2065 928 2146 cumipse
913 2082 992 2126 xta
998 2065 1307 2144 Jud1cabat,
1330 2082 1461 2130 tum
1474 2090 1581 2152 pro

363 2151 621 2212 familiari
637 2151 1031 2214 consuetudine
1049 2151 1198 2233 saepe
1210 2173 1285 2212 ex
1306 2174 1404 2214 me
1424 2156 1581 2216 audi·
1674 2159 1676 2166 '

363 2256 674 2318 etat,quam
691 2237 870 2298 suavis
886 2236 1046 2300 effet’
1030 2254 1176 2298 mter
1192 2257 1304 2298 noa
1318 2255 1381 2300 et
1396 2261 1580 2322 quan-

363 2341 422 2384 ta
435 2326 780 2401 con-iunctm.
806 2339 939 2406 peto
954 2325 1125 2404 igitur
1140 2344 1173 2386 a
1187 2340 1266 2400 te,
1290 2339 1461 2388 tanto
1474 2326 1579 2391 sei

357 2407 488 2468 licet
505 2408 701 2484 studio,
731 2425 951 2491 quanto
974 2409 1239 2490 intelligis
1264 2409 1473 2475 debere
1490 2433 1581 2476 me

357 2508 546 2572 petere
563 2513 672 2576 pro
689 2496 923 2560 homine
944 2511 1059 2562 tam
1082 2497 1225 2563 mihi
1250 2495 1583 2580 neoessisio,
