1709 3084
220 124 345 206 408
474 124 601 183 AD
628 122 1238 186 FAM1L1AREs
1301 126 1308 133 ·

214 246 308 287 me
330 226 451 305 jam
466 242 585 285 non
610 224 936 305 poenitebat
955 226 1432 307 intercapedinem

212 310 487 373 scribendi
514 308 735 372 feeiss’e.
717 332 736 349 ·
788 308 879 370 sed
913 312 1104 392 potius
1145 312 1426 375 laetabar.
1407 335 1428 354 ·

210 397 450 459 stue’tum
472 398 621 457 enim
636 416 898 475 magnum
919 400 1286 457 humanitatis
1303 414 1432 461 tuae

210 484 493 567 mpiebam
516 504 591 545 ex
610 482 827 544 silentio
848 504 1092 543 mearum
1114 484 1424 549 literarum.

212 572 594 632 vehementer
578 572 747 649 igitur
762 568 996 647 gaudeo,
1021 586 1078 629 te
1099 591 1286 631 meam
1313 552 1442 633 fine

212 658 564 719 dubitatione
580 654 835 737 accepiss‘e
848 655 1290 718 exeusationem.
1300 679 1426 735 gra·

210 760 306 805 tos
320 746 425 805 tibi
440 741 769 825 optatosque
783 740 912 816 effi,
928 764 1024 821 qun
1006 742 1111 803 de
1126 764 1217 803 me
1233 764 1420 804 rumo-

210 852 303 895 res
332 830 663 905 afferuntur,
693 850 814 889 non
834 827 1053 905 dubito,
1075 831 1157 889 mi
1187 828 1422 893 dulciffi-

210 936 303 981 me
324 920 496 979 Τῖτος
524 914 933 999 praestaboque,
961 931 1019 974 et
1041 918 1254 992 enitar,
1285 920 1422 977 utin

208 1006 330 1067 dies
352 1006 529 1083 magis
544 1001 821 1082 magisque
835 1005 966 1061 haec
981 1000 1214 1062 nascens
1239 1002 1311 1063 de
1339 1020 1424 1063 me

208 1092 524 1173 duplicetur
538 1092 755 1171 opinio.
782 1108 954 1170 quare
967 1086 1123 1169 quod
1139 1088 1424 1169 polliceris

206 1194 269 1239 te
287 1180 699 1239 buccinatorem
712 1175 836 1236 fore
860 1174 1292 1235 existimationis
1307 1192 1424 1235 me-

204 1286 297 1339 ae,
332 1265 496 1325 firmo
518 1264 577 1326 id
604 1260 990 1343 constantique
1027 1262 1222 1322 animo
1249 1261 1422 1324 faeiat

204 1352 359 1415 lieet.
392 1366 615 1413 tantum
628 1352 779 1411 enim
801 1348 940 1409 mihi
967 1347 1225 1409 dolorem
1241 1348 1424 1411 eruei

206 1454 475 1521 utumque
497 1438 800 1500 attulerunt
822 1450 1006 1498 errata
1021 1438 1222 1495 aetatis
1247 1456 1424 1513 meae,

204 1543 275 1588 ut
290 1548 412 1589 non
426 1524 605 1589 solum
624 1526 844 1585 animus
862 1544 896 1582 a
921 1522 1100 1599 factis,
1133 1520 1226 1583 sed
1262 1542 1426 1585 auree

204 1634 437 1717 quoque
453 1632 487 1673 a
498 1612 1032 1675 commemoratione
1053 1610 1419 1672 abhorreant.

204 1700 377 1781 cujus
384 1710 446 1761 te
460 1697 847 1763 sollicitudinis
863 1710 921 1756 et
941 1694 1158 1757 doloris
1187 1698 1420 1779 partici-

205 1808 333 1871 pem
342 1785 518 1863 fuisse,
534 1800 731 1847 notum
746 1784 1207 1869 exploratumque
1220 1782 1300 1842 est
1313 1785 1418 1843 mi·

204 1878 303 1952 hi,
342 1896 447 1937 nec
462 1873 518 1934 id
542 1874 763 1933 mirum.
796 1892 926 1931 nam
941 1884 1070 1929 cum
1087 1870 1282 1929 omnia
1295 1890 1418 1930 mea

204 1960 369 2024 eausa
380 1960 553 2022 velles
567 1960 701 2021 mihi
718 1954 967 2032 suecessh,
977 1970 1094 2017 tum
1107 1956 1278 2015 etiam
1299 1970 1414 2015 tuat

204 2047 414 2109 socium
437 2050 588 2108 enim
622 2060 680 2105 te
706 2062 960 2105 meorum
985 2042 1417 2103 commodorum

200 2131 411 2213 semper
448 2131 553 2193 esse
573 2130 761 2192 volui.
818 2127 978 2211 quod
997 2130 1168 2207 igitur
1191 2144 1314 2188 tum
1341 2146 1418 2189 ex

191 2236 283 2278 me
298 2216 543 2294 doluisti,
565 2238 740 2292 nunc,
762 2232 826 2275 ut
840 2215 1152 2295 duplicetur
1167 2229 1328 2273 tuum
1341 2228 1420 2273 ex

188 2322 281 2361 me
316 2303 603 2381 gaudium,
642 2302 947 2385 praestabo.
1015 2301 1290 2380 Cratippo
1326 2319 1414 2358 me

184 2384 325 2447 scito
342 2408 461 2447 uon
478 2405 543 2448 ut
556 2387 912 2469 discipulum,
932 2385 1024 2446 sed
1037 2401 1102 2446 ut
1117 2384 1316 2460 filium,
1331 2382 1410 2443 es

181 2468 235 2529 se
258 2474 785 2551 conjunffiffimum.
828 2493 977 2537 mam
1007 2492 1134 2535 cum
1155 2486 1214 2534 et
1241 2469 1408 2533 audio
