<?xml version="1.0" encoding="UTF-8"?>
<!DOCTYPE html PUBLIC "-//W3C//DTD XHTML 1.0 Transitional//EN"
    "http://www.w3.org/TR/xhtml1/DTD/xhtml1-transitional.dtd">
<html xmlns="http://www.w3.org/1999/xhtml" xml:lang="en" lang="en">
 <head>
  <title>
</title>
<meta http-equiv="Content-Type" content="text/html;charset=utf-8" />
  <meta name='ocr-system' content='tesseract 3.04.00' />
  <meta name='ocr-capabilities' content='ocr_page ocr_carea ocr_par ocr_line ocrx_word'/>
</head>
<body>
  <div class='ocr_page' id='page_1' title='image "./mtulliiciceroni13unkngoog_0262.png"; bbox 0 0 1709 3084; ppageno 0'>
   <div class='ocr_carea' id='block_1_1' title="bbox 323 143 1674 332">
    <p class='ocr_par' dir='ltr' id='par_1_1' title="bbox 323 143 1674 332">
     <span class='ocr_line' id='line_1_1' title="bbox 333 143 1328 226; baseline 0.001 -12"><span class='ocrx_word' id='word_1_1' title='bbox 333 163 462 226; x_wconf 76' lang='lat'>250</span> <span class='ocrx_word' id='word_1_2' title='bbox 554 143 1328 214; x_wconf 71' lang='lat' dir='ltr'>AnrAmmAREs</span> 
     </span>
     <span class='ocr_line' id='line_1_2' title="bbox 323 242 1674 332; baseline -0.001 -26"><span class='ocrx_word' id='word_1_3' title='bbox 323 242 1593 332; x_wconf 64' lang='lat' dir='ltr'>tensus,utintelligeres,nonvulgnemd&#39;·</span> <span class='ocrx_word' id='word_1_4' title='bbox 1673 259 1674 304; x_wconf 63' lang='grc' dir='ltr'>ἰ</span> 
     </span>
    </p>
   </div>
   <div class='ocr_carea' id='block_1_2' title="bbox 325 329 1153 430">
    <p class='ocr_par' dir='ltr' id='par_1_2' title="bbox 325 329 1153 430">
     <span class='ocr_line' id='line_1_3' title="bbox 325 329 1153 430; baseline 0.005 -36"><span class='ocrx_word' id='word_1_5' title='bbox 325 329 386 394; x_wconf 77' lang='lat' dir='ltr'>se</span> <span class='ocrx_word' id='word_1_6' title='bbox 401 333 963 430; x_wconf 76' lang='lat' dir='ltr'>commendationem.</span> <span class='ocrx_word' id='word_1_7' title='bbox 1008 336 1153 398; x_wconf 76' lang='lat' dir='ltr'>vale.</span> 
     </span>
    </p>
   </div>
   <div class='ocr_carea' id='block_1_3' title="bbox 317 519 1635 2573">
    <p class='ocr_par' dir='ltr' id='par_1_3' title="bbox 385 519 1585 654">
     <span class='ocr_line' id='line_1_4' title="bbox 385 519 1585 574; baseline 0.004 -6"><span class='ocrx_word' id='word_1_8' title='bbox 385 525 464 568; x_wconf 68' lang='grc' dir='ltr'>κ.</span> <span class='ocrx_word' id='word_1_9' title='bbox 497 525 561 568; x_wconf 85' lang='grc' dir='ltr'>τ.</span> <span class='ocrx_word' id='word_1_10' title='bbox 593 525 863 570; x_wconf 66' lang='lat' dir='ltr'>cronno</span> <span class='ocrx_word' id='word_1_11' title='bbox 891 529 943 567; x_wconf 92' lang='lat' dir='ltr'>c.</span> <span class='ocrx_word' id='word_1_12' title='bbox 974 527 1293 571; x_wconf 67' lang='lat' dir='ltr'>cusan</span> <span class='ocrx_word' id='word_1_13' title='bbox 1328 529 1517 574; x_wconf 67' lang='lat' dir='ltr'>tur.</span> <span class='ocrx_word' id='word_1_14' title='bbox 1580 519 1585 522; x_wconf 83' lang='lat'>&#39;</span> 
     </span>
     <span class='ocr_line' id='line_1_5' title="bbox 527 610 1051 654; baseline 0.01 -5"><span class='ocrx_word' id='word_1_15' title='bbox 527 610 533 615; x_wconf 91' lang='lat'>·</span> <span class='ocrx_word' id='word_1_16' title='bbox 813 613 862 652; x_wconf 77' lang='lat' dir='ltr'>s.</span> <span class='ocrx_word' id='word_1_17' title='bbox 896 613 958 653; x_wconf 77' lang='lat' dir='ltr'>P.</span> <span class='ocrx_word' id='word_1_18' title='bbox 986 615 1051 654; x_wconf 84' lang='lat' dir='ltr'>n.</span> 
     </span>
    </p>

    <p class='ocr_par' dir='ltr' id='par_1_4' title="bbox 317 677 1635 2573">
     <span class='ocr_line' id='line_1_6' title="bbox 411 677 1635 758; baseline 0.003 -18"><span class='ocrx_word' id='word_1_19' title='bbox 411 677 668 740; x_wconf 82' lang='lat' dir='ltr'>Publium</span> <span class='ocrx_word' id='word_1_20' title='bbox 695 678 941 740; x_wconf 76' lang='lat' dir='ltr'>Crassum</span> <span class='ocrx_word' id='word_1_21' title='bbox 970 700 1045 740; x_wconf 84' lang='lat' dir='ltr'>ex</span> <span class='ocrx_word' id='word_1_22' title='bbox 1064 681 1225 740; x_wconf 84' lang='lat' dir='ltr'>omni</span> <span class='ocrx_word' id='word_1_23' title='bbox 1246 681 1577 758; x_wconf 80' lang='lat' dir='ltr'>nobilitate</span> <span class='ocrx_word' id='word_1_24' title='bbox 1595 707 1635 750; x_wconf 76' lang='lat'>1⁶</span> 
     </span>
     <span class='ocr_line' id='line_1_7' title="bbox 324 762 1573 848; baseline 0.001 -20"><span class='ocrx_word' id='word_1_25' title='bbox 324 762 913 833; x_wconf 77' lang='lat' dir='ltr'>adolescentemdilexi</span> <span class='ocrx_word' id='word_1_26' title='bbox 928 767 1222 848; x_wconf 84' lang='lat' dir='ltr'>plurimum</span> <span class='ocrx_word' id='word_1_27' title='bbox 1238 790 1261 826; x_wconf 68' lang='grc' dir='ltr'>ι</span> <span class='ocrx_word' id='word_1_28' title='bbox 1286 784 1347 828; x_wconf 87' lang='lat' dir='ltr'>et</span> <span class='ocrx_word' id='word_1_29' title='bbox 1364 790 1456 829; x_wconf 80' lang='lat' dir='ltr'>ex</span> <span class='ocrx_word' id='word_1_30' title='bbox 1476 790 1573 844; x_wconf 72' lang='lat' dir='ltr'>eo,</span> 
     </span>
     <span class='ocr_line' id='line_1_8' title="bbox 324 851 1571 934; baseline 0.002 -20"><span class='ocrx_word' id='word_1_31' title='bbox 324 873 456 916; x_wconf 76' lang='lat' dir='ltr'>cum</span> <span class='ocrx_word' id='word_1_32' title='bbox 471 853 537 911; x_wconf 84' lang='lat' dir='ltr'>ab</span> <span class='ocrx_word' id='word_1_33' title='bbox 549 852 779 912; x_wconf 84' lang='lat' dir='ltr'>ineunte</span> <span class='ocrx_word' id='word_1_34' title='bbox 793 851 915 930; x_wconf 75' lang='lat' dir='ltr'>ejus</span> <span class='ocrx_word' id='word_1_35' title='bbox 932 863 1113 913; x_wconf 79' lang='lat' dir='ltr'>aetate</span> <span class='ocrx_word' id='word_1_36' title='bbox 1122 856 1272 915; x_wconf 83' lang='lat' dir='ltr'>bene</span> <span class='ocrx_word' id='word_1_37' title='bbox 1284 851 1571 934; x_wconf 68' lang='lat' dir='ltr'>speraviss</span> 
     </span>
     <span class='ocr_line' id='line_1_9' title="bbox 323 937 1567 1021; baseline 0.001 -20"><span class='ocrx_word' id='word_1_38' title='bbox 323 937 462 1016; x_wconf 82' lang='lat' dir='ltr'>sem,</span> <span class='ocrx_word' id='word_1_39' title='bbox 483 952 602 998; x_wconf 80' lang='lat' dir='ltr'>tum</span> <span class='ocrx_word' id='word_1_40' title='bbox 625 941 837 1018; x_wconf 83' lang='lat' dir='ltr'>optime</span> <span class='ocrx_word' id='word_1_41' title='bbox 857 939 1172 1000; x_wconf 81' lang='lat' dir='ltr'>existimare</span> <span class='ocrx_word' id='word_1_42' title='bbox 1190 943 1360 1021; x_wconf 86' lang='lat' dir='ltr'>coepi</span> <span class='ocrx_word' id='word_1_43' title='bbox 1388 963 1473 1001; x_wconf 74' lang='lat' dir='ltr'>ex</span> <span class='ocrx_word' id='word_1_44' title='bbox 1494 945 1567 1002; x_wconf 78' lang='lat' dir='ltr'>iis</span> 
     </span>
     <span class='ocr_line' id='line_1_10' title="bbox 317 1023 1563 1106; baseline 0.002 -21"><span class='ocrx_word' id='word_1_45' title='bbox 317 1023 570 1106; x_wconf 78' lang='lat' dir='ltr'>judiciis,</span> <span class='ocrx_word' id='word_1_46' title='bbox 585 1043 724 1104; x_wconf 87' lang='lat' dir='ltr'>quae</span> <span class='ocrx_word' id='word_1_47' title='bbox 735 1023 805 1084; x_wconf 90' lang='lat' dir='ltr'>de</span> <span class='ocrx_word' id='word_1_48' title='bbox 819 1045 888 1083; x_wconf 87' lang='lat' dir='ltr'>eo</span> <span class='ocrx_word' id='word_1_49' title='bbox 904 1023 1159 1101; x_wconf 81' lang='lat' dir='ltr'>feceram,</span> <span class='ocrx_word' id='word_1_50' title='bbox 1185 1029 1478 1104; x_wconf 76' lang='lat' dir='ltr'>cognitis.</span> <span class='ocrx_word' id='word_1_51' title='bbox 1502 1050 1563 1088; x_wconf 78' lang='lat' dir='ltr'>e-</span> 
     </span>
     <span class='ocr_line' id='line_1_11' title="bbox 318 1109 1557 1194; baseline 0.004 -25"><span class='ocrx_word' id='word_1_52' title='bbox 318 1110 419 1191; x_wconf 82' lang='lat' dir='ltr'>jus</span> <span class='ocrx_word' id='word_1_53' title='bbox 434 1109 692 1170; x_wconf 82' lang='lat' dir='ltr'>libertum</span> <span class='ocrx_word' id='word_1_54' title='bbox 710 1109 1075 1190; x_wconf 82' lang='lat' dir='ltr'>Apollonium</span> <span class='ocrx_word' id='word_1_55' title='bbox 1090 1113 1209 1190; x_wconf 83' lang='lat' dir='ltr'>jam</span> <span class='ocrx_word' id='word_1_56' title='bbox 1230 1127 1363 1173; x_wconf 87' lang='lat' dir='ltr'>tum</span> <span class='ocrx_word' id='word_1_57' title='bbox 1390 1115 1557 1194; x_wconf 83' lang='lat' dir='ltr'>eqni·</span> 
     </span>
     <span class='ocr_line' id='line_1_12' title="bbox 323 1195 1553 1276; baseline 0.002 -17"><span class='ocrx_word' id='word_1_58' title='bbox 323 1195 453 1259; x_wconf 86' lang='lat' dir='ltr'>dem</span> <span class='ocrx_word' id='word_1_59' title='bbox 457 1217 612 1273; x_wconf 87' lang='lat' dir='ltr'>,cum</span> <span class='ocrx_word' id='word_1_60' title='bbox 627 1195 720 1256; x_wconf 86' lang='lat' dir='ltr'>ille</span> <span class='ocrx_word' id='word_1_61' title='bbox 732 1197 969 1275; x_wconf 81' lang='lat' dir='ltr'>viveret,</span> <span class='ocrx_word' id='word_1_62' title='bbox 980 1211 1034 1260; x_wconf 90' lang='lat' dir='ltr'>et</span> <span class='ocrx_word' id='word_1_63' title='bbox 1046 1197 1234 1276; x_wconf 80' lang='lat' dir='ltr'>magni</span> <span class='ocrx_word' id='word_1_64' title='bbox 1250 1197 1553 1275; x_wconf 81' lang='lat' dir='ltr'>faciebam,</span> 
     </span>
     <span class='ocr_line' id='line_1_13' title="bbox 322 1282 1551 1364; baseline 0.003 -20"><span class='ocrx_word' id='word_1_65' title='bbox 322 1298 386 1344; x_wconf 82' lang='lat' dir='ltr'>et</span> <span class='ocrx_word' id='word_1_66' title='bbox 397 1285 720 1364; x_wconf 71' lang='lat' dir='ltr'>probabam.</span> <span class='ocrx_word' id='word_1_67' title='bbox 737 1297 853 1342; x_wconf 87' lang='lat' dir='ltr'>erat</span> <span class='ocrx_word' id='word_1_68' title='bbox 866 1287 1015 1344; x_wconf 81' lang='lat' dir='ltr'>enim</span> <span class='ocrx_word' id='word_1_69' title='bbox 1030 1299 1086 1345; x_wconf 85' lang='lat' dir='ltr'>et</span> <span class='ocrx_word' id='word_1_70' title='bbox 1102 1282 1375 1344; x_wconf 77' lang='lat' dir='ltr'>studiosus</span> <span class='ocrx_word' id='word_1_71' title='bbox 1392 1286 1551 1348; x_wconf 77' lang='lat' dir='ltr'>Cras-</span> 
     </span>
     <span class='ocr_line' id='line_1_14' title="bbox 323 1365 1549 1450; baseline 0.002 -18"><span class='ocrx_word' id='word_1_72' title='bbox 323 1367 389 1446; x_wconf 79' lang='grc' dir='ltr'>ίί,</span> <span class='ocrx_word' id='word_1_73' title='bbox 415 1383 476 1429; x_wconf 87' lang='lat' dir='ltr'>et</span> <span class='ocrx_word' id='word_1_74' title='bbox 504 1367 576 1429; x_wconf 81' lang='lat' dir='ltr'>ad</span> <span class='ocrx_word' id='word_1_75' title='bbox 595 1365 720 1450; x_wconf 75' lang='lat' dir='ltr'>&#39;ejus</span> <span class='ocrx_word' id='word_1_76' title='bbox 747 1371 964 1446; x_wconf 84' lang='lat' dir='ltr'>optima</span> <span class='ocrx_word' id='word_1_77' title='bbox 988 1365 1159 1432; x_wconf 75' lang='lat' dir='ltr'>studia</span> <span class='ocrx_word' id='word_1_78' title='bbox 1180 1373 1549 1434; x_wconf 66' lang='lat' dir='ltr'>vehanenoer</span> 
     </span>
     <span class='ocr_line' id='line_1_15' title="bbox 323 1455 1543 1538; baseline 0.005 -22"><span class='ocrx_word' id='word_1_79' title='bbox 323 1468 492 1536; x_wconf 74' lang='lat' dir='ltr'>aptus</span> <span class='ocrx_word' id='word_1_80' title='bbox 507 1476 524 1516; x_wconf 72' lang='grc' dir='ltr'><em>ε</em></span> <span class='ocrx_word' id='word_1_81' title='bbox 539 1457 744 1536; x_wconf 76' lang='lat' dir='ltr'>itaque</span> <span class='ocrx_word' id='word_1_82' title='bbox 770 1457 840 1515; x_wconf 83' lang='lat' dir='ltr'>ab</span> <span class='ocrx_word' id='word_1_83' title='bbox 862 1475 933 1516; x_wconf 85' lang='lat' dir='ltr'>eo</span> <span class='ocrx_word' id='word_1_84' title='bbox 954 1455 1251 1518; x_wconf 75' lang='lat' dir='ltr'>admodum</span> <span class='ocrx_word' id='word_1_85' title='bbox 1272 1457 1543 1538; x_wconf 74' lang='lat' dir='ltr'>diligeba-</span> 
     </span>
     <span class='ocr_line' id='line_1_16' title="bbox 325 1540 1541 1622; baseline 0.005 -20"><span class='ocrx_word' id='word_1_86' title='bbox 325 1557 442 1603; x_wconf 76' lang='lat' dir='ltr'>tur.</span> <span class='ocrx_word' id='word_1_87' title='bbox 489 1540 610 1622; x_wconf 88' lang='lat' dir='ltr'>post</span> <span class='ocrx_word' id='word_1_88' title='bbox 629 1557 873 1606; x_wconf 78' lang='lat' dir='ltr'>mortem</span> <span class='ocrx_word' id='word_1_89' title='bbox 888 1558 1073 1604; x_wconf 83' lang='lat' dir='ltr'>autem</span> <span class='ocrx_word' id='word_1_90' title='bbox 1094 1543 1285 1619; x_wconf 79' lang='lat' dir='ltr'>Craffi,</span> <span class='ocrx_word' id='word_1_91' title='bbox 1318 1565 1387 1604; x_wconf 86' lang='lat' dir='ltr'>co</span> <span class='ocrx_word' id='word_1_92' title='bbox 1402 1547 1541 1608; x_wconf 82' lang='lat' dir='ltr'>mihi</span> 
     </span>
     <span class='ocr_line' id='line_1_17' title="bbox 322 1626 1537 1710; baseline 0.005 -22"><span class='ocrx_word' id='word_1_93' title='bbox 322 1629 497 1688; x_wconf 81' lang='lat' dir='ltr'>etiam</span> <span class='ocrx_word' id='word_1_94' title='bbox 525 1626 748 1705; x_wconf 85' lang='lat' dir='ltr'>dignior</span> <span class='ocrx_word' id='word_1_95' title='bbox 775 1627 923 1690; x_wconf 78' lang='lat' dir='ltr'>visus</span> <span class='ocrx_word' id='word_1_96' title='bbox 946 1628 1045 1705; x_wconf 83' lang='lat' dir='ltr'>est,</span> <span class='ocrx_word' id='word_1_97' title='bbox 1081 1649 1248 1710; x_wconf 86' lang='lat' dir='ltr'>quem</span> <span class='ocrx_word' id='word_1_98' title='bbox 1284 1631 1351 1690; x_wconf 87' lang='lat' dir='ltr'>in</span> <span class='ocrx_word' id='word_1_99' title='bbox 1373 1630 1537 1694; x_wconf 77' lang='lat' dir='ltr'>fidem</span> 
     </span>
     <span class='ocr_line' id='line_1_18' title="bbox 322 1715 1533 1798; baseline 0.006 -25"><span class='ocrx_word' id='word_1_100' title='bbox 322 1728 494 1794; x_wconf 72' lang='lat' dir='ltr'>atque</span> <span class='ocrx_word' id='word_1_101' title='bbox 509 1715 810 1778; x_wconf 75' lang='lat' dir='ltr'>amicitiam</span> <span class='ocrx_word' id='word_1_102' title='bbox 824 1730 1005 1776; x_wconf 83' lang='lat' dir='ltr'>meam</span> <span class='ocrx_word' id='word_1_103' title='bbox 1034 1717 1359 1796; x_wconf 84' lang='lat' dir='ltr'>reciperem,</span> <span class='ocrx_word' id='word_1_104' title='bbox 1380 1717 1533 1798; x_wconf 79' lang='lat' dir='ltr'>qnod</span> 
     </span>
     <span class='ocr_line' id='line_1_19' title="bbox 323 1798 1529 1884; baseline 0.002 -22"><span class='ocrx_word' id='word_1_105' title='bbox 323 1820 428 1862; x_wconf 64' lang='grc' dir='ltr'>σοι</span> <span class='ocrx_word' id='word_1_106' title='bbox 451 1821 486 1860; x_wconf 81' lang='lat' dir='ltr'>a</span> <span class='ocrx_word' id='word_1_107' title='bbox 501 1798 552 1860; x_wconf 87' lang='lat' dir='ltr'>se</span> <span class='ocrx_word' id='word_1_108' title='bbox 581 1798 960 1862; x_wconf 72' lang='lat' dir='ltr'>observandos</span> <span class='ocrx_word' id='word_1_109' title='bbox 978 1817 1037 1862; x_wconf 85' lang='lat' dir='ltr'>et</span> <span class='ocrx_word' id='word_1_110' title='bbox 1064 1800 1336 1862; x_wconf 83' lang='lat' dir='ltr'>colendos</span> <span class='ocrx_word' id='word_1_111' title='bbox 1368 1820 1529 1884; x_wconf 79' lang='lat' dir='ltr'>puta·</span> 
     </span>
     <span class='ocr_line' id='line_1_20' title="bbox 321 1885 1527 1968; baseline 0.004 -21"><span class='ocrx_word' id='word_1_112' title='bbox 321 1885 442 1962; x_wconf 82' lang='lat' dir='ltr'>bat,</span> <span class='ocrx_word' id='word_1_113' title='bbox 472 1905 614 1968; x_wconf 87' lang='lat' dir='ltr'>quos</span> <span class='ocrx_word' id='word_1_114' title='bbox 630 1887 720 1946; x_wconf 86' lang='lat' dir='ltr'>ille</span> <span class='ocrx_word' id='word_1_115' title='bbox 745 1885 1038 1962; x_wconf 77' lang='lat' dir='ltr'>dilexiffet,</span> <span class='ocrx_word' id='word_1_116' title='bbox 1064 1903 1122 1964; x_wconf 80' lang='lat' dir='ltr'>et</span> <span class='ocrx_word' id='word_1_117' title='bbox 1134 1887 1341 1968; x_wconf 65' lang='lat' dir='ltr'>quibus</span> <span class='ocrx_word' id='word_1_118' title='bbox 1372 1911 1527 1952; x_wconf 75' lang='lat' dir='ltr'>carus</span> 
     </span>
     <span class='ocr_line' id='line_1_21' title="bbox 320 1967 1525 2054; baseline 0.002 -20"><span class='ocrx_word' id='word_1_119' title='bbox 320 1967 521 2034; x_wconf 61' lang='lat' dir='ltr'>suissi-t.</span> <span class='ocrx_word' id='word_1_120' title='bbox 545 1974 732 2052; x_wconf 86' lang='lat' dir='ltr'>itaque</span> <span class='ocrx_word' id='word_1_121' title='bbox 745 1989 801 2032; x_wconf 89' lang='lat' dir='ltr'>et</span> <span class='ocrx_word' id='word_1_122' title='bbox 817 1974 888 2034; x_wconf 80' lang='lat' dir='ltr'>ad</span> <span class='ocrx_word' id='word_1_123' title='bbox 902 1995 991 2036; x_wconf 87' lang='lat' dir='ltr'>me</span> <span class='ocrx_word' id='word_1_124' title='bbox 1006 1977 1066 2035; x_wconf 83' lang='lat' dir='ltr'>in</span> <span class='ocrx_word' id='word_1_125' title='bbox 1083 1973 1333 2035; x_wconf 79' lang='lat' dir='ltr'>Ciliciam</span> <span class='ocrx_word' id='word_1_126' title='bbox 1352 1979 1525 2054; x_wconf 77' lang='lat' dir='ltr'>venit,</span> 
     </span>
     <span class='ocr_line' id='line_1_22' title="bbox 321 2055 1523 2142; baseline 0.002 -20"><span class='ocrx_word' id='word_1_127' title='bbox 321 2055 619 2141; x_wconf 84' lang='lat' dir='ltr'>multisque</span> <span class='ocrx_word' id='word_1_128' title='bbox 634 2061 694 2118; x_wconf 85' lang='lat' dir='ltr'>in</span> <span class='ocrx_word' id='word_1_129' title='bbox 711 2062 874 2120; x_wconf 81' lang='lat' dir='ltr'>rebus</span> <span class='ocrx_word' id='word_1_130' title='bbox 896 2063 1031 2121; x_wconf 88' lang='lat' dir='ltr'>mihi</span> <span class='ocrx_word' id='word_1_131' title='bbox 1044 2079 1251 2140; x_wconf 80' lang='lat' dir='ltr'>magno</span> <span class='ocrx_word' id='word_1_132' title='bbox 1265 2059 1383 2122; x_wconf 84' lang='lat' dir='ltr'>usui</span> <span class='ocrx_word' id='word_1_133' title='bbox 1396 2063 1523 2142; x_wconf 83' lang='lat' dir='ltr'>fuit,</span> 
     </span>
     <span class='ocr_line' id='line_1_23' title="bbox 321 2145 1517 2229; baseline 0.004 -24"><span class='ocrx_word' id='word_1_134' title='bbox 321 2161 385 2205; x_wconf 82' lang='lat' dir='ltr'>et</span> <span class='ocrx_word' id='word_1_135' title='bbox 398 2145 532 2208; x_wconf 82' lang='lat' dir='ltr'>fides</span> <span class='ocrx_word' id='word_1_136' title='bbox 546 2146 594 2224; x_wconf 83' lang='lat' dir='ltr'>ej</span> <span class='ocrx_word' id='word_1_137' title='bbox 601 2165 688 2222; x_wconf 74' lang='lat' dir='ltr'>us,</span> <span class='ocrx_word' id='word_1_138' title='bbox 701 2162 758 2205; x_wconf 86' lang='lat' dir='ltr'>et</span> <span class='ocrx_word' id='word_1_139' title='bbox 771 2147 1065 2227; x_wconf 85' lang='lat' dir='ltr'>prudentia</span> <span class='ocrx_word' id='word_1_140' title='bbox 1078 2170 1095 2208; x_wconf 69' lang='grc' dir='ltr'><strong>ε</strong></span> <span class='ocrx_word' id='word_1_141' title='bbox 1118 2164 1197 2223; x_wconf 89' lang='lat' dir='ltr'>et,</span> <span class='ocrx_word' id='word_1_142' title='bbox 1211 2163 1276 2207; x_wconf 83' lang='lat' dir='ltr'>ut</span> <span class='ocrx_word' id='word_1_143' title='bbox 1297 2151 1517 2229; x_wconf 79' lang='lat' dir='ltr'>opinor,</span> 
     </span>
     <span class='ocr_line' id='line_1_24' title="bbox 321 2232 1517 2314; baseline 0.004 -23"><span class='ocrx_word' id='word_1_144' title='bbox 321 2233 427 2292; x_wconf 86' lang='lat' dir='ltr'>tibi</span> <span class='ocrx_word' id='word_1_145' title='bbox 442 2234 504 2292; x_wconf 87' lang='lat' dir='ltr'>in</span> <span class='ocrx_word' id='word_1_146' title='bbox 521 2232 906 2293; x_wconf 83' lang='lat' dir='ltr'>Alexandrino</span> <span class='ocrx_word' id='word_1_147' title='bbox 920 2233 1096 2311; x_wconf 81' lang='lat' dir='ltr'>beilo,</span> <span class='ocrx_word' id='word_1_148' title='bbox 1119 2249 1391 2314; x_wconf 82' lang='lat' dir='ltr'>quantum</span> <span class='ocrx_word' id='word_1_149' title='bbox 1415 2235 1517 2296; x_wconf 85' lang='lat' dir='ltr'>stu·</span> 
     </span>
     <span class='ocr_line' id='line_1_25' title="bbox 325 2317 1515 2400; baseline 0.006 -24"><span class='ocrx_word' id='word_1_150' title='bbox 325 2317 425 2384; x_wconf 86' lang='lat' dir='ltr'>dio</span> <span class='ocrx_word' id='word_1_151' title='bbox 438 2334 494 2379; x_wconf 91' lang='lat' dir='ltr'>et</span> <span class='ocrx_word' id='word_1_152' title='bbox 508 2317 765 2378; x_wconf 82' lang='lat' dir='ltr'>fidelitate</span> <span class='ocrx_word' id='word_1_153' title='bbox 777 2319 1038 2400; x_wconf 85' lang='lat' dir='ltr'>consequi</span> <span class='ocrx_word' id='word_1_154' title='bbox 1050 2321 1260 2400; x_wconf 87' lang='lat' dir='ltr'>potuit,</span> <span class='ocrx_word' id='word_1_155' title='bbox 1296 2340 1411 2382; x_wconf 80' lang='lat' dir='ltr'>non</span> <span class='ocrx_word' id='word_1_156' title='bbox 1423 2320 1515 2383; x_wconf 89' lang='lat' dir='ltr'>de·</span> 
     </span>
     <span class='ocr_line' id='line_1_26' title="bbox 322 2400 1514 2487; baseline 0.008 -25"><span class='ocrx_word' id='word_1_157' title='bbox 322 2400 450 2462; x_wconf 80' lang='lat' dir='ltr'>fuit.</span> <span class='ocrx_word' id='word_1_158' title='bbox 503 2403 656 2482; x_wconf 89' lang='lat' dir='ltr'>quod</span> <span class='ocrx_word' id='word_1_159' title='bbox 688 2425 814 2465; x_wconf 88' lang='lat' dir='ltr'>cum</span> <span class='ocrx_word' id='word_1_160' title='bbox 842 2403 1081 2484; x_wconf 80' lang='lat' dir='ltr'>speraret</span> <span class='ocrx_word' id='word_1_161' title='bbox 1111 2420 1166 2466; x_wconf 92' lang='lat' dir='ltr'>te</span> <span class='ocrx_word' id='word_1_162' title='bbox 1196 2427 1411 2487; x_wconf 85' lang='lat' dir='ltr'>quoque</span> <span class='ocrx_word' id='word_1_163' title='bbox 1439 2409 1514 2472; x_wconf 70' lang='lat' dir='ltr'>ita</span> 
     </span>
     <span class='ocr_line' id='line_1_27' title="bbox 321 2483 1512 2573; baseline 0.01 -27"><span class='ocrx_word' id='word_1_164' title='bbox 321 2483 650 2567; x_wconf 82' lang='lat' dir='ltr'>existimare,</span> <span class='ocrx_word' id='word_1_165' title='bbox 669 2487 733 2550; x_wconf 79' lang='lat' dir='ltr'>in</span> <span class='ocrx_word' id='word_1_166' title='bbox 747 2489 1073 2573; x_wconf 84' lang='lat' dir='ltr'>Hispaniam</span> <span class='ocrx_word' id='word_1_167' title='bbox 1086 2491 1155 2555; x_wconf 82' lang='lat' dir='ltr'>ad</span> <span class='ocrx_word' id='word_1_168' title='bbox 1177 2507 1255 2572; x_wconf 84' lang='lat' dir='ltr'>te,</span> <span class='ocrx_word' id='word_1_169' title='bbox 1290 2495 1512 2558; x_wconf 74' lang='lat' dir='ltr'>maxime</span> 
     </span>
    </p>
   </div>
  </div>
 </body>
</html>
