1709 3084
393 192 750 253 EPIST.
805 198 953 255 nn.
988 184 1061 255 x.
1228 208 1312 270 77

109 307 226 369 rat,
255 310 384 356 cum
409 290 671 373 frequens
701 288 1047 353 assentiretur
1074 286 1318 370 leuatus,

107 394 318 459 rogatu
333 378 544 441 servilii
575 386 638 439 P.
656 380 850 439 Titius
873 378 1186 441 intercessit.
1234 398 1323 441 ret

107 471 176 528 in
197 464 480 548 posterum
495 465 684 527 dilata.
729 468 887 527 venit
900 482 1127 547 paratus
1142 468 1325 527 Servi·

107 555 247 631 lius,
273 555 410 631 Jovi
439 550 538 633 ipfi
559 554 810 632 iniquus,
834 554 993 631 cujus
1024 556 1085 613 in
1116 552 1327 634 templo

109 662 206 703 res
221 643 506 719 agebatur.
555 641 706 699 bunc
725 639 1191 718 quemadmodum
1212 638 1326 701 fre-

109 728 290 808 gerim
305 769 326 802 ‚
361 742 679 807 quantaque
707 728 1072 789 contentione
1098 728 1327 789 Titium

107 812 528 878 intercess'orem
553 814 868 894 abjecerim,
897 834 971 877 ex
998 814 1237 877 aliorum
1268 830 1329 876 te

109 904 296 965 literis
328 900 478 961 malo
505 900 865 980 cognoscere.
909 922 1089 963 unum
1116 905 1227 965 hoc
1254 920 1333 965 ex

109 993 280 1053 meis.
308 986 526 1051 senatus
541 990 790 1066 gravior,
807 986 1174 1065 constantior,
1190 990 1327 1051 ami·

111 1079 243 1141 cior
257 1078 372 1139 tuis
386 1074 636 1137 laudibus
658 1073 764 1135 effe
782 1094 903 1136 non
928 1076 1139 1155 potuit,
1162 1094 1333 1177 quam

111 1182 242 1229 tum
263 1162 416 1225 fflit.
443 1182 552 1225 nec
563 1182 702 1224 vero
717 1163 818 1223 tibi
837 1161 1057 1223 i’cnatus
1080 1162 1334 1239 amicior,

113 1272 294 1335 quam
323 1254 520 1311 cuneta
545 1252 764 1313 civitas.
823 1249 1151 1312 mirabiliter
1178 1251 1335 1312 enim

117 1338 370 1421 populns
386 1344 676 1403 Romanus
691 1335 1060 1415 universus‚et
1072 1328 1334 1399 omnium

119 1444 395 1507 generum
410 1424 782 1507 ordinumque
795 1422 1093 1489 consensus
1108 1424 1181 1487 ad
1194 1424 1337 1487 libe-

119 1512 366 1577 randam
389 1512 780 1594 rempublicam
801 1510 1165 1593 conspiravit.
1208 1530 1339 1594 per·

121 1622 192 1683 ge
208 1601 406 1681 igitur,
427 1613 493 1661 ut
505 1601 646 1680 agis,
669 1620 987 1681 nomenque
1009 1615 1166 1661 tuum
1180 1618 1338 1661 com-

121 1686 338 1751 menda
351 1686 772 1749 immortalitati.
791 1702 959 1766 atque
972 1690 1109 1747 haec
1122 1686 1340 1762 omnia,

121 1793 274 1859 quae
303 1776 514 1835 habent
543 1772 768 1859 speciem
795 1774 1028 1853 gloriae,
1048 1771 1311 1835 collecta
1293 1794 1343 1833 ι·

121 1861 434 1925 naniffimia
471 1854 778 1942 splendoris
821 1858 1153 1939 insignibus,
1196 1880 1339 1921 con·

125 1966 344 2025 temne,
365 1950 576 2025 brevia,
596 1948 832 2028 fugacia,
853 1946 1057 2009 caduca
1070 1943 1339 2009 existima.

123 2056 332 2099 verum
343 2034 535 2098 decus⁰
521 2058 582 2097 ιιι
595 2038 800 2097 virtute
813 2032 1049 2117 politum
1064 2032 1169 2097 est·
1152 2056 1173 2109 ς
1199 2052 1343 2115 quae

127 2126 376 2187 maxime
397 2122 696 2185 illustratur
716 2124 933 2203 magnis
956 2122 1017 2181 in
1044 2120 1346 2202 rempubli-

129 2232 258 2273 cam
273 2212 511 2273 meritis.
533 2232 654 2273 eam
669 2210 987 2271 facultatem
1002 2210 1171 2269 habes
1185 2226 1347 2269 max-

129 2299 344 2360 imam:
367 2318 535 2377 quam
561 2297 788 2379 quando
811 2294 1135 2375 complexus
1150 2314 1232 2370 ea,
1260 2308 1346 2355 te·

129 2404 244 2458 ne3
271 2384 491 2465 perfice,
515 2400 582 2445 ut
601 2406 672 2445 ne
693 2387 883 2445 minus
898 2381 1198 2461 respublica
1220 2383 1347 2456 tibi,

125 2490 311 2551 quam
323 2486 386 2531 tu
401 2472 730 2552 reipublicae
740 2470 961 2533 debeas.
986 2490 1075 2529 me
1089 2484 1213 2529 tuae
1227 2467 1351 2546 dig-

133 2558 338 2619 nitatis
365 2578 490 2621 non
517 2558 688 2621 modo
717 2556 1014 2637 fautorem,
1038 2552 1147 2619 'sed
1180 2556 1350 2619 etiam
