1709 3084
434 115 480 174 E
503 120 546 174 Ρ
569 119 653 172 18
677 118 756 172 T.
796 129 937 193 razn.
960 127 1113 172 xrvi
1233 125 1365 190 μμ

30 287 33 296 .
127 211 346 274 dolore
359 213 644 286 conficiar,
661 225 779 270 tum
796 212 959 271 etiam
975 209 1205 288 pudore.
1252 231 1357 290 pu·

139 300 250 360 det
271 303 418 360 enim
436 320 522 358 me
538 301 700 358 uxori
716 317 865 356 meae
879 298 1141 374 optimae,
1158 293 1360 357 suavis·

30 393 33 400 '
131 385 292 445 funis
309 386 514 458 liberis,
526 387 790 444 virtutem
806 399 862 441 et
879 381 1217 459 diligentiam
1232 401 1357 442 non

131 470 608 551 praestitiffe.nam
621 471 755 528 mihi
765 483 895 528 ante
903 467 1093 527 oculos
1105 465 1218 528 dies
1226 489 1364 530 noc-

132 555 332 636 tesque
344 554 589 616 versatur
604 553 820 634 squalor
840 551 1091 628 vester‚et
1112 574 1359 630 moeror,

136 658 202 702 et
217 642 508 702 infirmitas
519 639 852 701 valetudinis
876 655 1019 698 tuae:
1039 637 1155 720 spes
1172 655 1357 702 autem

139 726 340 788 salmis
355 728 638 808 pertenuis
654 725 977 788 ostenditur.
996 727 1209 786 inimici
1224 721 1359 787 sunt

135 814 312 876 multi
331 837 348 872 ε
381 813 558 873 invidi
587 816 730 894 pene
756 831 979 872 omnes.
1022 812 1223 889 ejicere
1243 829 1355 873 non

137 919 410 977 magnum
423 900 550 972 fuit,
566 897 850 958 excludere
868 893 1022 956 facile
1036 895 1128 958 est.
1162 894 1251 958 fied
1268 913 1353 958 ta·

137 1006 302 1060 men,
343 985 588 1064 quandiu
605 1003 708 1044 vos
733 985 889 1042 eritis
912 984 971 1042 in
990 979 1105 1062 spe,
1120 1004 1238 1042 non
1256 983 1354 1044 de·

135 1069 346 1146 ficiam,
375 1093 445 1132 ne
461 1071 650 1130 omnia
663 1091 782 1130 mea
805 1069 965 1149 culpa
996 1068 1237 1130 cecidiffe
1258 1071 1347 1128 vi·

135 1157 400 1218 deantur.
447 1173 509 1216 ut
532 1157 658 1216 tuto
693 1153 812 1230 fim,
843 1155 1001 1235 quod
1024 1155 1263 1230 laboras,
1286 1153 1347 1216 id

136 1245 282 1304 mihi
299 1263 450 1306 nunc
470 1241 785 1306 facillimum
800 1239 875 1300 est
895 1264 911 1300 ε
938 1261 1102 1320 quem
1120 1242 1282 1302 etiam
1300 1242 1348 1302 ἱ·

134 1329 335 1390 nimici
363 1330 565 1389 volunt
584 1329 771 1388 vivere
803 1329 865 1388 i‘n
886 1329 975 1386 his
1004 1329 1173 1388 tantis
1190 1325 1347 1388 mise·

133 1415 266 1474 riis·
310 1434 414 1492 ego
439 1430 620 1474 tamen
643 1411 863 1489 faciam,
884 1433 1025 1492 quae
1053 1413 1343 1494 praecipis.

135 1501 564 1582 amicis‚quibus
583 1497 915 1576 voluisti,egi
936 1499 1223 1575 gratias,et
1248 1519 1341 1559 eas

134 1586 328 1646 literas
355 1589 612 1666 Dexippo
644 1584 792 1657 dedi,
829 1605 1026 1664 meque
1054 1585 1123 1644 de
1151 1605 1343 1646 eorum

135 1670 329 1734 officio
353 1669 530 1753 scripsi
553 1693 584 1730 a
607 1687 659 1730 te
675 1672 965 1730 certiorem
987 1667 1089 1730 effe
1118 1671 1340 1733 saelum.

135 1755 396 1822 Pisonem
411 1755 656 1818 nostrum
672 1755 907 1817 mirifico
942 1755 1043 1816 effe
1073 1757 1249 1818 studio
1280 1757 1341 1834 in

137 1864 271 1918 nos,
306 1861 363 1904 et
383 1845 592 1920 officio,
615 1859 670 1902 et
693 1864 796 1922 ego
821 1841 1112 1922 perspicio,
1144 1857 1198 1903 et
1221 1863 1341 1904 om-

136 1949 245 1994 nes
257 1930 597 2008 praedicant.
629 1929 705 1988 dii
721 1928 925 2003 faxint,
943 1945 1005 1988 ut
1022 1929 1116 1988 tali
1132 1951 1340 2008 genero

133 2017 274 2080 mihi
295 2015 566 2096 praesenti
594 2032 774 2078 tecum
795 2013 951 2076 fimul
978 2031 1035 2074 et
1054 2037 1179 2076 cum
1203 2017 1340 2076 libe·

136 2101 215 2164 ris
239 2101 441 2178 nostris
463 2100 574 2162 frui
595 2101 780 2160 liceat.
821 2121 976 2160 nunc
992 2097 1110 2182 spes
1128 2099 1340 2182 reliqua

132 2186 210 2254 est
231 2190 294 2248 in
329 2190 493 2254 novis
527 2188 802 2248 Tribunis
826 2183 1023 2268 plebia,
1045 2203 1101 2248 et
1130 2189 1189 2246 in
1222 2189 1338 2268 pri-

133 2276 244 2334 mis
269 2274 490 2352 quidem
505 2273 718 2334 diebus.
767 2293 898 2334 nam
926 2269 965 2331 fi
996 2273 1339 2352 inveterarit,

135 2365 318 2420 aetum
355 2359 449 2421 est'.
497 2381 562 2420 ea
583 2381 640 2420 re
672 2357 740 2418 ad
765 2374 820 2418 te
839 2358 1015 2434 statim
1046 2357 1338 2420 Aristocri-

136 2463 260 2512 tum
275 2445 414 2526 mifi,
427 2462 490 2508 ut
507 2445 575 2508 ad
588 2465 676 2508 me
694 2447 968 2508 continuo
980 2447 1143 2510 initia
1158 2466 1339 2510 rerum
