1709 3084
381 160 504 223 174
587 146 716 206 AD
760 144 1360 209 FAMILIARES

366 239 544 309 fuisse.
589 246 802 307 utinam
819 247 1039 325 quidem
1054 244 1289 309 finissem!
1314 246 1595 315 mofestus

351 335 535 396 nobis
559 353 680 393 non
707 332 855 394 esset.
903 331 995 395 sed
1023 338 1131 394 hoc
1160 333 1392 395 vestrum
1422 334 1535 396 fuit
1552 359 1583 397 =

367 420 522 503 quod
551 442 678 480 curn
706 422 983 501 praeteriit
1000 464 1020 495 ,
1064 422 1276 481 utinam
1312 424 1581 485 haberem

366 506 504 590 quid
526 508 690 585 vobi}
717 506 905 567 darem
934 506 1167 568 consilii.
1212 507 1303 568 sed
1330 528 1403 566 ne
1432 510 1579 569 mihi

316 654 318 657 ,
365 592 590 676 'quidem
605 591 724 672 ipfi,
747 594 986 673 repet-ic,
1002 594 1137 674 quid
1150 592 1463 653 faciendum
1478 593 1571 656 fit.

361 680 501 760 quid
521 680 674 739 enim
693 678 790 755 est,
811 680 967 760 quod
996 696 1197 740 contra
1222 682 1341 741 vim
1368 678 1483 740 fine
1510 684 1575 741 vi

232 763 237 768 ’
361 765 704 844 fieripoffit?
737 765 1024 827 confilium
1056 786 1225 827 omne
1252 782 1433 826 autem
1456 770 1575 829 hoc

229 928 232 932 1
357 851 440 914 est
469 852 720 927 illorum,
741 868 806 912 ut
834 868 1073 913 mortem
1110 850 1358 914 Caesaris
1384 853 1568 932 perse-

347 954 624 1022 quantur.
672 940 859 1019 itaque
888 962 941 1000 a.
959 940 1017 1000 d.
1049 938 1189 1003 sext.
1206 960 1349 1000 non.
1362 944 1564 1001 Οᾶοδ.

361 1026 664 1111 prodnstus
677 1027 738 1085 in
753 1029 1085 1088 concionem
1100 1048 1133 1087 a
1154 1027 1422 1102 CanutiO,
1446 1043 1563 1087 tur·-

359 1114 566 1197 pissime
579 1112 670 1172 ille
683 1113 906 1192 quidem
920 1112 1165 1174 disceffite
1191 1112 1283 1173 sed
1298 1129 1485 1173 tamen
1502 1135 1565 1174 ea

355 1202 506 1261 dixit
519 1200 586 1259 de
599 1198 1073 1261 conservatoribus
1090 1200 1317 1281 patriae,
1323 1220 1467 1279 quae
1481 1201 1564 1260 di-

355 1288 414 1347 ci
434 1286 696 1346 deberent
709 1285 778 1346 de
792 1286 1191 1367 proditoribuS.
1236 1285 1305 1346 'de
1324 1306 1417 1345 me
1436 1289 1561 1365 qui·

353 1372 480 1433 dem
497 1370 617 1433 non
631 1372 967 1446 dubitanter,
989 1375 1127 1451 quin
1140 1374 1333 1433 omnia
1348 1371 1419 1431 de
1432 1390 1559 1433 meo

355 1457 590 1521 confilio
611 1474 669 1518 et
683 1480 788 1519 vos
809 1458 1085 1533 fecissetis,
1106 1474 1163 1517 et
1186 1459 1461 1519 Canu'tius
1476 1459 1559 1519 fa-

353 1548 524 1607 eenet.
571 1560 778 1605 caetera
792 1547 879 1624 cuj
886 1543 1094 1605 ufinodi
1112 1544 1239 1620 fiat,
1258 1566 1333 1605 ex
1346 1546 1556 1623 hocju-

353 1632 510 1710 dica,
531 1632 684 1712 quod
712 1631 893 1709 legato
924 1648 1023 1691 tuo
1051 1633 1313 1691 viaticum
1342 1632 1553 1711 eripue-

352 1734 510 1779 runt.
558 1718 694 1798 quid
721 1739 818 1778 eos
847 1718 1197 1798 interpretari
1222 1733 1408 1797 patae,
1430 1737 1555 1777 cum

349 1806 462 1865 hoc
476 1804 716 1864 faciunt?
740 1804 808 1863 ad
822 1802 1028 1863 hostem
1044 1803 1247 1863 scilicet
1262 1806 1493 1883 portari.
1512 1805 1551 1863 ὁ

349 1910 471 1951 rem
485 1888 752 1949 miseram!
782 1889 1070 1949 dominum
1086 1889 1213 1948 ferri
1230 1910 1349 1949 non
1366 1892 1549 1969 potui·

349 1996 501 2051 mus,
525 1975 794 2036 conservo
815 1975 1099 2035 servimus,
1148 1991 1203 2033 et
1232 1991 1440 2048 tamen,
1464 1996 1551 2034 me

345 2064 574 2144 quidem
602 2062 824 2123 favente
853 2064 1052 2140 magis,
1083 2082 1249 2140 quam
1272 2060 1549 2141 sperante,

345 2152 514 2211 etiam
528 2169 678 2209 nunc
691 2146 880 2208 refidet
895 2146 1014 2229 spes
1026 2150 1087 2206 in
1102 2150 1309 2207 virtute
1323 2162 1439 2208 tua.
1460 2145 1547 2207 {ed

346 2241 446 2300 ubi
460 2237 588 2298 sunt
603 2236 832 2316 copiae?
859 2234 928 2293 de
952 2234 1190 2312 reliquo,
1212 2234 1361 2293 malo
1384 2248 1441 2291 te
1458 2235 1543 2310 ip·

343 2322 462 2383 sum
475 2324 631 2403 loqui
649 2337 849 2399 tecum,
873 2340 1039 2401 quam
1055 2318 1239 2381 nostra
1250 2318 1397 2379 dieta
1410 2338 1541 2397 cog·

345 2406 593 2468 noscere.
641 2406 782 2467 vale.
