1709 3084
475 177 804 233 EPIST.
843 190 1147 235 mmxu.
1284 192 1403 241 Ωιι

207 276 324 335 viri
337 289 394 335 et
407 276 640 335 credunt
653 276 856 337 fafium
864 318 883 350 ,
902 292 959 335 et
970 278 1233 357 probant.
1280 277 1417 357 quid

211 363 474 442 quaeris?
501 384 700 438 magna
723 362 842 441 spes
857 360 1005 423 estin
1024 383 1115 423 eo.
1162 362 1305 421 nihil
1320 362 1417 439 est,

207 447 368 527 quod
397 468 516 507 non
547 448 879 509 existimetur
918 447 1091 509 laudis
1122 464 1177 508 et
1206 448 1417 526 gloriae

203 532 374 594 causa
383 533 647 595 facturus.
693 536 983 594 Antonius
1004 550 1213 611 autem,
1232 534 1417 597 noster

201 618 518 695 familiaris,
532 636 694 681 tanto
709 619 762 681 se
777 620 917 680 odio
930 619 1033 681 effe
1046 621 1417 700 intelligit‚nt‚

203 726 340 767 cnm
355 706 730 767 interfeflores
746 704 875 767 suos
890 707 1042 767 domi
1056 710 1414 787 comprehen-

203 793 376 867 derit,
388 814 502 853 rem
511 794 763 874 proferre
777 814 899 853 non
916 792 1131 853 audeat.
1148 814 1203 855 a.
1215 794 1275 855 d.
1286 815 1359 857 vx
1378 814 1405 859 1

203 878 336 939 idus
353 882 581 939 ostobr.
613 877 977 940 Brundufium
997 895 1249 956 venerat,
1279 902 1413 961 pro·

206 964 386 1025 festus
417 966 639 1025 obviam
677 965 989 1044 legionibus
1034 967 1411 1027 Macedonicis

206 1066 477 1131 quatuor3
496 1072 632 1131 quas
645 1050 742 1111 fibi
755 1052 1055 1111 conciliare
1068 1054 1297 1132 pecunia
1314 1075 1411 1115 co·

204 1140 440 1216 gitabat,
467 1136 746 1217 easque-ad
761 1141 952 1199 urbem
968 1138 1256 1215 adducere,
1278 1156 1335 1200 et
1348 1142 1411 1201 in

203 1226 516 1285 cervicibus
541 1224 742 1285 nostris
765 1224 1061 1287 collocare.
1107 1227 1275 1287 habes
1290 1226 1409 1287 for·

201 1330 356 1373 mam
380 1310 725 1393 reipublicae,
747 1310 786 1371 fi
815 1314 877 1373 in
908 1311 1093 1373 castris
1116 1312 1293 1394 potest
1306 1313 1409 1377 effe

189 1395 530 1479 respublicae
553 1400 615 1458 in
633 1419 742 1479 qua
761 1414 911 1468 tuam
932 1401 1113 1459 vicem
1135 1398 1287 1480 saepe
1300 1401 1406 1461 do·

189 1482 314 1560 leo,
335 1484 490 1565 quod
507 1485 714 1545 nullam
733 1501 943 1565 partem
960 1506 1057 1565 per
1072 1502 1305 1547 aetatem
1322 1486 1405 1549 sa-

189 1590 300 1631 nae
313 1586 370 1631 et
384 1568 562 1631 salvae
581 1572 909 1651 reipublicae
922 1572 1131 1650 gustare
1163 1572 1407 1653 potuisti.

201 1672 374 1736 atque
387 1661 616 1718 antehac
637 1657 863 1736 quidem
885 1658 1097 1739 sperare
1126 1658 1313 1720 saltem
1336 1660 1407 1723 li-

199 1746 388 1818 cebat,
418 1764 570 1805 nunc
596 1743 845 1803 etiamid
859 1761 1108 1825 ereptum
1122 1744 1218 1806 est.
1266 1766 1409 1825 quae

199 1832 355 1891 enim
369 1828 443 1889 est
457 1829 574 1910 spes
578 1873 598 1906 ,
611 1851 738 1891 cum
753 1833 814 1891 in
827 1834 1107 1893 concione
1118 1832 1299 1893 dicere
1313 1854 1409 1894 au-

199 1914 292 1977 sus
309 1916 376 1977 fit
389 1919 695 1993 Antoniu8‚
723 1920 1019 1979 Canutium
1034 1919 1177 2000 apud
1194 1940 1291 1979 eos
1307 1919 1405 1981 fibi

198 2002 390 2063 locum
417 2022 693 2082 quaerere,
724 2006 947 2083 quibus,
972 2004 1023 2065 se
1050 2004 1221 2080 salvo,
1249 2006 1405 2067 locus

197 2091 264 2149 in
295 2091 520 2151 civitate
549 2088 652 2149 effe
681 2112 802 2151 non
831 2089 1035 2170 poss'et?
1068 2090 1327 2170 equidem
1348 2109 1405 2155 et

199 2180 418 2251 haec,et
431 2179 622 2237 omnia
635 2198 775 2256 quae
787 2178 1005 2237 homini
1018 2177 1267 2237 accidere
1280 2176 1404 2258 pos·

198 2262 353 2338 sunt,
376 2262 446 2323 fic
474 2263 617 2340 fero,
645 2280 710 2323 ut
741 2260 1116 2344 philosophiae
1144 2284 1401 2342 magnam

197 2352 428 2413 habeam
450 2352 706 2428 gratiam,
730 2370 873 2430 quae
886 2372 977 2409 me
990 2371 1109 2409 non
1139 2350 1311 2411 modo
1334 2355 1405 2413 ab

197 2433 570 2497 sollicitudine
601 2436 846 2513 abducit,
884 2435 975 2496 sed
1006 2438 1171 2519 etiam
1201 2453 1403 2501 contra

193 2538 398 2587 omnes
419 2522 676 2586 fortunae
698 2524 939 2605 impetus
964 2539 1166 2585 armata
1194 2524 1402 2605 tibique
