1709 3084
237 161 250 168 ’
371 207 494 254 212
625 194 750 251 AD
777 195 1394 251 FAMILIARES

360 291 506 352 idem
521 289 714 352 censeo
730 289 1059 368 faciendum,
1082 309 1211 365 nec,
1234 311 1269 349 a
1282 309 1411 370 quo
1426 293 1589 376 culpa

361 377 516 454 abiit,
541 378 880 459 quidquam‘
865 397 926 436 m
954 375 1115 438 malis
1142 378 1585 444 numerandum.

361 463 454 526 sed
469 470 604 526 haec
627 481 688 524 tu
713 465 929 526 melius.
966 464 1297 524 stratorium
1324 464 1584 530 nostrum

359 572 487 612 cum
517 551 725 632 semper
740 549 1067 632 probassem,
1088 565 1209 610 tum
1228 552 1487 613 maxime
1516 556 1579 618 in
1679 613 1680 618 ,

357 641 468 698 tuis
487 641 648 698 rebus
665 637 927 698 summam
942 639 1062 716 ejus
1080 634 1268 714 fidem,
1282 636 1575 717 diligenti·

355 745 442 786 am
448 769 467 799 ‚
485 727 945 804 prudentiamque
958 725 1225 802 cognovi.
1250 724 1327 784 da
1338 745 1571 806 operam

354 826 419 871 ut
439 811 642 874 valeas.
690 816 800 873 hoc
815 813 951 872 mihi
961 812 1172 892 gratius
1208 811 1395 874 facere
1426 813 1567 878 nihil

353 915 542 982 potes.

355 1088 430 1135 Μ.
463 1093 527 1135 τ.
551 1091 750 1136 ειοΕιι
767 1092 806 1133 o
835 1091 1264 1134 comunem
1312 1091 1360 1135 s·
1398 1092 1461 1136 ι’.
1494 1093 1559 1138 n.

435 1165 559 1240 Ego
575 1160 789 1221 nullum
802 1159 990 1220 locum
1010 1160 1401 1240 praetermitto
1428 1160 1561 1233 (nec
1575 1155 1619 1202 ²⁴

345 1248 494 1308 enim
509 1248 713 1325 debeo)
735 1267 856 1307 non
872 1246 1043 1309 modo
1064 1245 1329 1307 laudandi
1344 1251 1457 1327 tui,
1473 1248 1562 1312 sed

345 1354 417 1394 ne
434 1334 676 1394 ornandi
690 1334 933 1415 quidem.
990 1333 1082 1395 sed
1096 1353 1220 1394 mea
1240 1331 1423 1396 studia
1434 1355 1563 1417 erga

347 1435 403 1481 te
425 1436 481 1480 et
503 1422 686 1483 officia
707 1421 859 1482 malo
887 1423 990 1482 tihi
1011 1441 1082 1482 ex
1103 1436 1331 1483 tuorum
1358 1420 1563 1501 literis,

229 1542 244 1556 -
343 1527 514 1588 quam
535 1529 609 1570 ex
637 1510 796 1586 meis,
817 1507 922 1570 effe
937 1523 1095 1571 nota.
1142 1522 1199 1568 te
1216 1523 1411 1570 tamen
1428 1513 1559 1572 hor-

339 1609 522 1672 t0r‚ut
537 1600 694 1658 omni
707 1617 840 1656 eura
855 1597 916 1656 in
932 1595 1321 1677 rempublicam
1334 1597 1557 1659 incum·
1681 1625 1682 1632 ¹

339 1683 460 1742 bas.
508 1687 618 1744 hoe
631 1683 708 1744 est
727 1685 924 1760 animi,
956 1685 1066 1743 hoc
1097 1681 1173 1742 est
1200 1683 1421 1760 ingenii
1451 1683 1553 1761 tui,

336 1770 449 1828 hoc
462 1771 583 1849 ejus
600 1769 732 1852 spei,
753 1790 919 1851 quam
935 1771 1132 1829 habere
1148 1767 1336 1844 debes,
1354 1770 1551 1851 ampli·

333 1853 580 1916 ficandae
601 1853 1057 1936 dignitatisfftuae.
1102 1854 1193 1916 sed
1207 1857 1313 1916 hac
1328 1855 1403 1916 de
1416 1876 1477 1916 re
1490 1877 1547 1917 a·

331 1941 436 2002 las
451 1942 521 2002 ad
537 1959 592 2004 te
605 1943 851 2025 pluribus
860 1989 875 2005 .
892 1963 1020 2005 cum
1034 1945 1183 2003 enim
1198 1945 1335 2002 haee
1350 1939 1547 2005 seribe-

335 2028 488 2107 bam,
501 2031 562 2090 in
578 2033 963 2112 expeeiatione
974 2044 1133 2091 erant
1146 2030 1360 2090 omnia.
1392 2049 1541 2092 non·

335 2114 470 2178 dum
485 2117 649 2198 legati
675 2118 974 2193 redIerant‚
996 2137 1143 2198 quos
1168 2114 1391 2176 senatus
1423 2134 1542 2178 non

332 2202 401 2263 ad
424 2224 613 2285 pacem
636 2204 1058 2288 deprecandam,
1082 2202 1171 2264 sed
1194 2203 1263 2263 ad
1278 2202 1539 2264 denunti-

334 2292 542 2352 andum
571 2293 776 2354 bellum
805 2289 1044 2368 miserat,
1088 2289 1191 2350 nisi
1229 2290 1538 2368 legatorum

307 2380 540 2458 ‚nuntio
553 2378 826 2460 paruiffet.
857 2399 964 2456 ego
980 2393 1188 2454 tamen,
1210 2392 1275 2437 ut
1295 2378 1535 2458 primum

329 2461 542 2523 occafio
573 2463 699 2529 data
713 2465 806 2541 est,
830 2485 957 2525 meo
970 2463 1203 2547 pristino
1218 2482 1379 2524 more
1392 2482 1535 2522 rem·

323 2545 603 2621 publicam
615 2509 871 2613 defendi·
892 2572 982 2613 me
994 2551 1305 2634 principem
1324 2547 1537 2614 stnatui
