1709 3084
421 127 428 134 ⁷
499 113 824 172 EPIST.
876 129 1153 174 unxi.
1292 129 1405 190 151

205 219 376 286 atque
389 209 582 270 omnin
595 208 670 270 nd
683 207 921 272 vestrum
938 211 1227 272 arbitrium
1241 208 1414 274 effent

203 293 428 354 collata.
459 297 592 356 haec
607 315 734 358 cum
749 293 1028 371 audissem,
1042 297 1227 374 etjam
1242 298 1303 356 in
1318 299 1411 360 iti·

189 399 338 440 -nere
351 377 532 457 effem,
553 381 1011 446 committendum
1030 381 1287 442 nondum
1302 403 1409 464 pu-

200 469 344 541 tavi,
354 468 506 546 prius
523 482 586 528 ut
601 467 772 548 Alpe-s
789 467 1211 547 transgrederer,
1222 487 1411 549 quam,

195 552 338 632 quid
358 551 476 614 istic
492 569 766 632 ageretur,
788 553 997 616 scirem.
1053 573 1183 618 nam
1206 556 1277 616 de
1306 572 1409 618 tuo

115 683 124 690 .
187 639 480 717 'periculo,·
507 639 667 700 crede
685 641 844 716 mihi,
868 641 1175 722 jaetatione
1201 647 1407 704 verbo-

177 739 406 800 ·rum,et
415 724 838 788 denuntiatione
853 728 969 806 peri
974 728 1104 803 culi,
1115 725 1151 786 s
1136 750 1329 809 perare
1341 749 1403 790 e-

191 832 283 887 os,
300 827 360 871 te
373 811 770 892 pertimfasto,
787 812 1129 878 adolescente
1140 815 1403 896 impulso,

188 896 344 976 poffe
359 918 560 976 magna
582 897 842 980 consequi
857 901 1118 980 praemia:
1140 916 1199 960 et
1218 917 1401 964 totam

187 983 345 1044 istam
359 985 889 1046 cantilenamexhoc
898 985 1399 1066 pendere,utquam

187 1071 488 1152 plurimum
500 1070 1063 1150 lucrifaciant.neque
1076 1088 1258 1134 tamen
1274 1095 1399 1136 non

185 1172 241 1218 te
255 1173 484 1218 cautum
500 1157 602 1219 effe
617 1158 776 1234 volo,
789 1175 849 1218 et
862 1157 1083 1220 infidias
1098 1161 1393 1224 vitantem.

185 1243 332 1304 nihil
365 1245 516 1304 enim
541 1260 634 1304 tua
659 1246 796 1306 mihi
826 1248 943 1308 vita
970 1245 1148 1326 potest
1176 1243 1280 1308 effe
1294 1248 1395 1328 ju,-

185 1330 453 1405 cundius,
468 1351 646 1410 neque
660 1335 860 1394 carius,
892 1333 1031 1394 illud
1047 1334 1193 1409 vide,
1210 1330 1305 1408 ne,
1318 1337 1395 1394 ti-

182 1417 418 1492 mendo,
441 1420 616 1496 magis
637 1421 826 1478 timere
840 1441 1059 1496 cogare·
1084 1436 1161 1495 et,
1186 1423 1393 1500 quibus

182 1507 352 1565 rebus
369 1503 544 1584 potest
558 1507 774 1564 occurri
789 1508 1123 1596 veteranis,
1109 1527 1393 1568 occurras.

179 1593 423 1668 primum
428 1634 448 1665 ,
471 1590 624 1669 quod
637 1589 941 1651 desiderant
954 1592 1022 1652 de
1037 1569 1385 1668 decemviris,

179 1675 388 1750 facias;
413 1677 638 1752 deinde,
660 1675 727 1736 de
743 1679 1019 1756 praemiis,
1064 1676 1107 1736 fi
1121 1679 1221 1737 tibi
1236 1677 1392 1738 vide-

180 1778 292 1840 tur,
317 1783 488 1841 agros
505 1783 696 1824 eorum
711 1763 974 1839 militum,
996 1766 1095 1843 qui
1116 1783 1243 1825 cum
1266 1771 1390 1826 An-

180 1853 348 1912 tonio
366 1852 612 1910 veterani
628 1850 877 1926 fuerunt,
898 1852 987 1910 his
1014 1842 1231 1911 dandos
1254 1874 1391 1914 cen-

177 1935 294 1998 seas
309 1938 383 1996 ab
403 1935 643 2016 utrisque
659 1939 846 1998 nobis.
863 1937 931 1996 de
946 1938 1391 2016 nummi⁸‚lente,

177 2044 244 2086 ac
270 2024 498 2084 ratione
525 2026 710 2084 habita
729 2025 1024 2102 pecuniae:
1051 2023 1297 2084 senatum
1320 2025 1391 2086 de

177 2131 242 2170 ea
261 2131 324 2170 re
341 2108 786 2170 constituturum.
821 2126 1061 2192 quatuor
1072 2110 1389 2190 legionibus

174 2196 272 2273 iis,
295 2196 516 2274 quibus⁴
527 2217 692 2274 agros
723 2194 939 2256 dandos
969 2195 1267 2270 censuistis,
1298 2198 1388 2256 vi·-

176 2281 286 2342 deo
304 2281 621 2344 facultatem
638 2282 759 2342 fore
781 2302 854 2340 ex
880 2283 1033 2358 agris-
1048 2281 1307 2360 Syllanis,
1328 2297 1389 2342 et

177 2388 318 2446 agro
353 2375 664 2449 Campano.
723 2367 1039 2450 aequaliter,
1062 2385 1157 2429 aut
1171 2365 1387 2428 fortea-

175 2475 312 2536 gtos
338 2454 650 2538 legionibus
676 2455 925 2532 assignari
947 2471 1087 2536 puto
1110 2470 1389 2540 oportent.
