1709 3084
699 23 721 50 0

369 176 488 234 κτα
602 161 728 220 ΑΒ
756 152 1363 226 rA-M'tnmnns

353 277 484 324 tuto
497 263 558 323 in
579 259 826 324 senatum
849 263 1047 324 venire
1074 262 1227 324 licet.
1272 263 1508 328 caedem
1523 287 1593 327 e·

345 352 474 412 nim
488 349 760 430 gladiator
774 352 1013 431 quaerit,
1026 348 1253 429 ejusque
1269 352 1507 416 initium
1526 375 1585 416 a.

351 437 412 499 d.
426 439 806 499 x111kal.0&.
822 459 854 498 a
868 458 955 497 me
971 435 1024 499 se
1038 437 1305 498 faciurum
1320 443 1582 519 putavit=

355 523 428 585 ad
458 544 625 604 quam
655 540 879 606 paratus
910 539 1161 598 venerat,
1194 545 1321 584 cum
1342 528 1407 585 in
1432 527 1581 586 villa

350 611 571 672 Metelli
587 611 899 692 complures
923 611 1040 670 dies
1056 618 1470 671 commentitus
1490 612 1577 674 es·

351 695 452 758 set.
473 717 612 777 quae
627 714 806 758 autem
823 695 1082 758 inlustris
1098 711 1151 757 et
1168 699 1229 757 in
1245 699 1391 758 vino
1406 719 1574 759 com-

347 786 620 853 mentatio
637 786 821 865 potuit
835 783 969 847 eme?
998 785 1187 864 itaque
1201 787 1463 846 omnibus
1494 785 1573 848 est

349 868 523 948 visu8‚
548 888 612 931 ut
633 871 702 931 ad
719 887 776 930 te
797 887 959 931 antea
981 868 1182 950 scripti,
1214 891 1444 932 vomere
1468 871 1571 933 suo

349 977 530 1035 more,
546 979 665 1020 non
683 958 880 1018 dicere.
907 977 1078 1037 quare
1094 956 1246 1036 quod
1269 955 1487 1034 scribis,
1510 973 1567 1018 te

348 1043 630 1107 confidere
644 1047 967 1104 aneton-itate
976 1059 1031 1104 et
1040 1043 1359 1123 eloquentia
1374 1043 1567 1106 nostra

349 1130 562 1211 aliquid
577 1131 770 1212 profici
787 1128 960 1212 possb,
973 1129 1257 1205 nonnihil,
1276 1132 1420 1190 ut-in
1434 1147 1563 1192 tan·

348 1217 428 1278 tit
443 1218 625 1294 malis,
647 1217 722 1278 est
745 1217 1073 1299 profestum.
1120 1215 1383 1296 intelligit
1405 1219 1559 1280 enim

347 1303 589 1386 populus
607 1311 891 1365 Romanus
898 1347 917 1379 ‚
948 1319 1062 1364 tres
1081 1301 1181 1364 ess'e
1190 1301 1561 1383 Consulares,

329 1393 468 1470 qui,
491 1393 645 1470 quia,
671 1411 811 1470 quae
828 1391 896 1450 de
920 1390 1195 1472 republica
1210 1393 1349 1450 bene
1378 1390 1559 1454 sense-

347 1479 486 1552 rint‚·
511 1477 680 1539 libere
704 1477 877 1538 locuti
898 1476 1049 1553 sunt,
1071 1493 1197 1536 tuto
1220 1479 1279 1536 in
1310 1475 1558 1539 senatum

345 1565 540 1624 venire
576 1586 692 1625 non
730 1565 947 1645 possint.
1011 1586 1115 1624 nec
1152 1563 1227 1624 est
1257 1579 1556 1644 praeterea,

327 1651 502 1731 ,quod
518 1651 820 1732 quidquam
838 1655 1115 1731 expedies.
1142 1666 1269 1711 tuus
1284 1653 1435 1710 enim
1453 1673 1553 1710 ne-

347 1735 600 1797 ceffarius
629 1737 891 1798 affinitate
908 1759 1059 1798 nova
1082 1737 1400 1797 delestatur.
1446 1740 1553 1796 ita·

345 1823 586 1902 quejam
601 1844 720 1884 non
735 1822 810 1884 est
825 1821 1091 1883 studiosus
1122 1823 1401 1898 ludorum,
1423 1824 1551 1884 infi-

343 1911 581 1988 nitoque
595 1909 782 1969 fratris
797 1912 879 1970 tui
896 1908 1081 1990 plausu
1098 1911 1451 1988 dirumpitur.
1469 1909 1549 1969 a}-

343 2007 430 2056 ter
444 1996 574 2054 item
591 1994 772 2056 affinis
787 1999 955 2058 novis
978 1998 1387 2058 commentariis
1410 2003 1549 2056 Cae-

341 2079 477 2143 saris
499 2082 761 2142 delinitus
783 2082 878 2144 est.
926 2081 1015 2142 sed
1038 2087 1171 2144 haec
1202 2082 1508 2142 tolerabilia
1528 2105 1547 2144 z

343 2168 482 2233 illud
499 2191 617 2229 non
633 2169 941 2242 ferendum,
964 2171 1117 2250 quod
1134 2169 1229 2242 est,
1254 2170 1353 2248 qui
1366 2167 1547 2230 vestro

341 2277 498 2317 anno
513 2255 683 2316 fillum
706 2253 861 2316 suum
882 2255 1158 2317 consulem
1174 2255 1419 2314 futurum
1442 2277 1547 2335 pu-

341 2345 528 2418 tetmb
545 2353 772 2420 eamque
786 2340 999 2403 causam
1016 2341 1068 2401 se
1084 2345 1212 2403 huic
1228 2342 1433 2402 latroni
1450 2342 1545 2401 de-

340 2426 684 2506 strvireprae
699 2426 752 2486 se
766 2427 924 2489 ferat.
957 2449 1085 2488 nam
1102 2436 1172 2488 L.
1192 2435 1365 2487 Cotta
1384 2427 1543 2488 fami·

337 2511 492 2574 liaris
505 2527 681 2591 meus,
703 2512 852 2574 fatali
878 2513 1115 2598 quadam
1140 2511 1546 2600 desperatione,
