1709 3084
339 211 476 274 130·
551 196 676 250 AD
723 187 1324 250 FAM1L1ARES

265 331 270 336 -
333 309 546 351 cemus.
571 308 726 360 nam,
741 299 806 344 ut
820 282 996 342 adhuc
1012 279 1233 361 quidem
1250 285 1431 339 actum
1445 275 1546 355 est,

227 403 230 405 “
333 398 458 438 non
475 394 669 454 regno,
687 370 772 432 sed
788 390 915 447 rege
931 368 1147 452 liberati
1162 366 1434 426 videmur.
1454 367 1545 424 in-

337 463 568 524 terfecto
582 459 729 518 enim
745 477 902 535 rege,
926 453 1109 530 regios
1140 472 1339 514 omnes
1373 467 1545 511 nutus

337 567 575 611 tuemur.
607 564 785 623 neque
797 563 936 603 vero
953 540 1010 599 id
1028 538 1225 614 solum,
1248 537 1339 597 sed
1354 541 1546 614 etiam,

337 655 480 717 quae
502 631 615 715 ipse
638 629 748 705 ille,
776 627 816 690 fi
838 631 1072 707 viyeret,
1096 647 1217 686 non
1234 625 1463 698 faceret,
1486 644 1551 683 ea

339 717 627 799 nos,quafi
641 719 883 794 cogitata
897 716 965 773 ab
981 712 1428 792 i110‚probamus.
1447 729 1553 771 nec

340 809 462 888 ejus
485 804 709 886 quidem
726 804 806 862 rei
827 801 997 860 finem
1018 798 1205 859 video·
1254 797 1473 880 tabulae
1488 795 1555 870 fig·

341 903 585 975 guntur,
621 889 999 950 immunitates
1030 885 1265 959 dantur,
1291 875 1559 964 pecuni'ae

341 982 614 1043 maximae
635 973 1015 1036 describuntur
1026 1015 1046 1046 ,
1069 970 1261 1030 exules
1284 969 1560 1030 reducun-

345 1085 460 1144 tur,
483 1057 977 1125 senatus-consulta
990 1055 1120 1117 falfi
1140 1055 1479 1129 referuntur3
1496 1071 1563 1116 ut

349 1147 738 1214 tantummodo
755 1146 947 1206 odium
962 1143 1099 1204 illud
1114 1145 1362 1204 hominis
1376 1145 1562 1222 impu-

353 1243 425 1316 ri,
445 1255 500 1298 et
521 1235 798 1297 servitutis
820 1231 985 1293 dolor
999 1229 1258 1310 depulsus
1280 1227 1383 1288 effi:
1404 1228 1563 1290 vide·

349 1341 508 1397 atur3
534 1321 832 1402 respublica
846 1317 1030 1398 jaceat
1046 1319 1105 1377 In
1122 1319 1209 1376 his
1227 1316 1565 1397 perturbati·

351 1413 581 1486 onibus,
602 1411 662 1468 in
687 1427 826 1487 quas
847 1404 1085 1468 camille
1115 1403 1386 1480 conjecit.
1434 1405 1569 1466 haec

353 1499 547 1562 omnia
559 1496 722 1558 vobis
754 1492 881 1556 sunt
914 1490 1279 1574 expedienda.
1329 1510 1435 1550 nec
1458 1493 1575 1552 hoc

355 1583 734 1665 cogitandum,
756 1579 885 1640 satis
901 1579 1023 1659 jam
1045 1579 1243 1640 habere
1263 1576 1585 1656 rempubli··

358 1693 480 1736 cam
503 1694 536 1732 a
555 1672 742 1732 vobis·
788 1669 955 1728 habet
970 1665 1064 1728 illa
1078 1665 1303 1748 quidem
1322 1678 1571 1738 tantum,

358 1774 632 1842 quantum
647 1775 931 1834 nunquam
956 1754 1093 1838 tnihi
1117 1753 1177 1812 in
1200 1765 1449 1812 mentem
1473 1770 1573 1811 ve·

359 1847 450 1907 nit
469 1860 686 1925 optare;
713 1840 802 1901 sed
818 1854 1087 1902 contenta
1102 1860 1221 1900 non
1237 1835 1337 1913 est,
1358 1852 1443 1912 et,
1467 1857 1574 1917 pro

359 1929 741 2009 magnitudine
761 1943 819 1987 et
841 1929 1013 1988 animi
1034 1942 1091 1988 et
1112 1925 1367 1986 beneficii
1382 1921 1574 1998 vestri,

361 2039 398 2078 a
409 2018 574 2080 vobis
591 2035 788 2093 magna
805 2009 1090 2076 defiderat.
1116 2012 1297 2073 adhuc
1310 2009 1427 2071 ulta
1452 2007 1577 2070 suas

364 2104 600 2184 injurias
616 2100 692 2162 est
709 2121 806 2182 per
819 2121 927 2162 vos
940 2101 1171 2160 interitu
1198 2097 1455 2177 tyranni:
1486 2097 1580 2157 ni-

365 2193 445 2254 hil
459 2191 714 2273 amplius.
725 2201 1055 2250 ornamenta
1069 2205 1206 2248 vero
1222 2183 1315 2244 sua
1330 2203 1478 2264 quae
1492 2201 1585 2242 re·

365 2280 650 2359 cuperavit
657 2275 754 2336 ?an
765 2271 919 2355 quod
928 2275 979 2334 ei
993 2287 1217 2335 mortuo
1232 2286 1587 2352 paret,quem

365 2366 562 2426 vivum
576 2362 715 2424 ferre
729 2381 848 2422 non
865 2375 1082 2441 poterat
1102 2361 1126 2421 ἓ
1150 2361 1241 2436 cuj
1250 2378 1318 2418 us
1343 2376 1473 2416 aera
1496 2375 1585 2414 re·

369 2448 537 2528 figere
557 2447 912 2523 debebamus,
943 2447 1063 2527 ejus
1095 2448 1264 2508 etiam
1294 2445 1585 2520 chirogra-

365 2537 482 2614 pha
490 2532 866 2602 defendimus?
879 2549 937 2595 at
948 2535 1097 2597 enim
1111 2536 1191 2596 ita
1208 2531 1585 2598 decrevimus.
