1709 3084
357 158 438 247 ³428
571 163 1329 229 AD'FAMILIARES

349 286 477 335 cum
507 286 599 328 eas
629 265 846 327 videam
875 266 1113 347 primum
1144 266 1351 329 oblitas
1379 271 1579 331 Latio·-

352 370 494 429 tum,
505 376 628 415 cum
643 357 704 413 in
719 354 910 413 urbem
927 352 1165 414 nostram
1176 353 1248 427 est
1262 353 1444 414 infusa
1458 376 1565 435 pe-

351 444 664 521 regrinitas,
692 460 844 499 nunc
855 459 994 499 vero
1016 441 1183 499 etiam
1204 442 1475 501 braccatis
1496 458 1565 503 et

313 527 702 607 „transalpinis
718 528 1062 600 nationibus,
1081 542 1144 585 ut
1159 526 1374 611 nullum
1396 543 1564 588 vete-

351 618 429 675 ris
453 614 656 693 leporis
672 610 953 690 vestigium
970 628 1245 692 appareat.
1286 615 1493 695 itaque
1502 631 1565 676 te

351 716 480 762 eum
496 699 683 773 video,
701 718 897 758 omnes
916 701 1051 758 mihi
1066 699 1311 760 Granios
1315 744 1335 777 ,
1350 722 1561 763 omnes

349 784 777 855 Lucilios‚(vere
785 801 850 844 ut
862 784 1287 862 dimmcraffos
1300 808 1563 868 quoque,

351 888 410 933 et
427 873 646 933 Laelios
661 870 847 933 videre
860 871 1075 933 videor.
1100 875 1327 949 moriar,
1341 872 1381 933 fi
1396 894 1561 954 prae·-

351 966 437 1021 ter
452 976 506 1019 te
523 978 847 1040 quemquam
864 957 1133 1037 reliquum
1148 961 1345 1034 habeo,
1362 963 1424 1019 in
1441 982 1563 1041 quo

351 1047 546 1127 poffim
561 1048 854 1125 imaginem
870 1046 1129 1124 antiquae
1152 1059 1207 1105 et
1231 1048 1562 1108 vernaculae

352 1133 658 1195 festivitatis
675 1130 1065 1209 agnoscere.ad
1078 1135 1181 1192 hos
1197 1132 1413 1213 lepores
1429 1154 1559 1196 cum

353 1238 512 1280 amor
525 1240 658 1297 erga
675 1238 762 1277 me
779 1232 967 1277 tantus
981 1218 1559 1297 accedat,miraris,me

355 1320 512 1368 tanta
528 1306 939 1387 perturbatione
958 1303 1289 1365 valetudinis
1305 1322 1431 1367 tuae
1444 1324 1560 1369 tam

355 1393 596 1471 graviter
633 1392 1008 1451 exanimatum
1034 1390 1191 1469 fiiffie
1213 1393 1234 1452 ἓ
1277 1394 1429 1473 quod
1460 1415 1558 1453 au·

357 1496 472 1539 tem
489 1479 656 1539 altera
669 1476 891 1559 epistola
910 1498 1107 1556 purgas
1123 1495 1200 1555 te,
1224 1502 1343 1539 non
1360 1478 1559 1541 dissua-

357 1561 537 1626 sorem
553 1568 688 1627 mihi
699 1567 998 1646 emptionis
1016 1567 1415 1645 Neapolitanae
1428 1566 1561 1627 fuis-

358 1652 435 1729 se,
473 1651 563 1714 sed
601 1656 876 1715 auctorem
909 1655 1366 1713 commorationis
1394 1656 1560 1715 urba-

361 1760 467 1801 nae
486 1763 505 1815 3
539 1760 720 1820 neque
747 1760 848 1819 ego
872 1738 1030 1799 aliter
1058 1742 1263 1819 accepi.
1308 1739 1561 1801 intellexi

364 1843 547 1891 tamen
581 1826 746 1901 idem,
783 1824 935 1905 quod
966 1827 1052 1885 his
1082 1826 1336 1905 intelligo
1366 1826 1559 1903 literis,

365 1936 487 1975 non
505 1910 820 1975 existimasse
835 1929 893 1973 te
912 1912 1045 1973 mihi
1060 1912 1245 1988 licere,
1266 1914 1322 1973 id
1339 1912 1489 1993 quod
1502 1935 1561 1973 e-

363 2022 438 2080 go
456 2002 777 2074 arbitrabar,
800 2020 887 2059 res
910 2002 1009 2060 has
1033 2020 1155 2060 non
1178 2002 1415 2060 omnino
1438 2002 1561 2079 qui·

366 2086 602 2163 dem‚sed
617 2106 873 2165 magnam
888 2102 1095 2166 partem
1111 2088 1439 2167 relinquere.
1452 2093 1559 2147 Ca·

368 2175 542 2235 tulum
557 2172 689 2232 mihi
706 2194 919 2247 narras,
944 2187 1001 2231 et
1014 2171 1105 2231 illa
1120 2188 1386 2253 tempora.
1427 2173 1560 2251 quid

365 2258 562 2321 limile?
581 2280 652 2317 ne
667 2261 802 2318 mihi
820 2257 1038 2339 quidem
1054 2259 1151 2338 ipsi
1167 2276 1301 2319 tunc
1316 2260 1559 2339 placebat

368 2346 572 2405 diutius
590 2343 760 2405 abesse
775 2350 842 2407 ab
859 2344 1185 2425 reipublicae
1200 2345 1454 2406 custodia.
1479 2344 1556 2404 se·

369 2430 625 2489 debamus
651 2433 794 2490 enim
811 2434 871 2491 in
888 2433 1081 2531 puppi,
1110 2447 1165 2490 et
1178 2432 1393 2491 clavum
1410 2446 1558 2490 tene·

364 2518 583 2577 bamus.-
603 2537 754 2577 nune
770 2531 954 2579 autem
967 2518 1071 2580 vix
1082 2517 1188 2581 est
1170 2540 1234 2579 m
1252 2517 1462 2581 sentina
1472 2517 1559 2579 lo·
