1709 3084
427 165 758 226 EPIST.
809 177 1123 225 aunxis.
1252 166 1373 244 185

147 255 330 324 fiinul
357 281 422 320 ac
441 261 694 340 legiones
706 263 917 342 accepi,
939 283 1079 343 quat
1110 269 1185 326 A.
1204 265 1379 330 Ame-

153 369 280 410 nuz
301 348 566 410 eduxerat
579 369 655 410 ex
674 355 957 430 Aegypto,
986 347 1169 430 scripfi
1196 350 1278 412 ad·
1297 367 1375 429 te,

153 434 590 517 tabellariosque
625 435 933 515 complures
964 443 1201 501 Romam
1230 436 1373 502 mifi.

153 519 346 602 stripfi
359 525 528 584 etiam
545 521 613 582 ad
629 521 875 582 senatum
889 521 1377 605 liter-aequasset!-

155 607 222 668 di
244 610 398 668 vetui
413 610 592 690 prius,
613 629 780 690 quam
796 611 899 670 tibi
912 613 1165 672 recitatae
1174 609 1371 676 effentt

153 691 204 755 fi
217 693 368 756 forte
387 697 496 756 mei
511 698 891 776 obtemperare
910 699 1045 756 mihi
1060 697 1370 760 voluerint.

153 781 372 862 quod-fi
386 782 578 844 literae
585 783 826 864 perlatae
840 805 961 843 non
978 781 1249 860 summan
1264 785 1373 846 du·

151 859 286 929 'bito
306 871 444 949 quin
462 869 770 944 Dolabella,
783 872 907 949 qui,
922 870 1131 931 nefarie
1144 874 1369 933 Trebo-

151 955 262 1017 nio
285 953 491 1030 occiso,
513 954 694 1016 Afiam
718 959 1033 1035 occupavit,
1056 958 1369 1021 tabellarios

149 1061 318 1103 meos
337 1042 780 1122 deprehenderit,
809 1041 1105 1125 literasque
1132 1047 1369 1106 interce-

149 1130 323 1210 perit.
355 1131 631 1189 exercituc
643 1149 865 1204 omues,
889 1131 1065 1210 quiin
1078 1129 1366 1209 syriafize-

149 1235 240 1290 re,
263 1230 446 1276 teneo.
494 1217 670 1278 habeo
683 1215 965 1296 paululum
996 1237 1206 1292 morae,
1232 1215 1371 1280 dum

147 1299 416 1383 promissa
445 1301 711 1365 militibus
741 1301 1020 1384 persolvo.
1068 1323 1221 1364 nunc
1242 1305 1366 1382 jam

147 1385 274 1449 sum
294 1388 602 1470 expeditus.
651 1411 683 1448 a
703 1405 759 1450 te
780 1405 936 1472 peto,
963 1405 1025 1448 ut
1039 1389 1366 1469 dignitatem

148 1473 334 1548 meam
365 1475 805 1544 commendatam
837 1477 939 1536 tibi
961 1479 1185 1553 habeas,
1207 1477 1247 1538 fi
1274 1498 1362 1540 me

149 1560 656 1640 intelligis‚nullum
668 1583 850 1643 neque
866 1563 1166 1642 periculum
1182 1583 1364 1644 neque

137 1647 398 1708 laborem
412 1651 621 1728 patriae
641 1647 960 1726 denegasset
986 1647 1025 1706 fi
1042 1665 1241 1711 contra
1256 1653 1363 1710 im·

148 1733 563 1816 portuniss'imos
579 1735 828 1794 latrones
841 1755 995 1793 arma
1011 1737 1131 1814 cepi
1148 1752 1202 1794 te
1224 1739 1357 1796 hor·

147 1835 307 1882 tante
321 1837 376 1880 et
391 1826 608 1883 auctore
625 1843 646 1881 ι
670 1820 710 1880 fi
733 1841 852 1880 non
880 1818 1051 1880 solum
1082 1824 1361 1883 exercitus

149 1905 222 1966 td
237 1907 626 1988 rempublicam
641 1907 1055 1988 libertatemque
1062 1909 1363 1970 defenden-

149 1991 278 2052 dam
307 1997 647 2075 comparavi,
670 1993 761 2054 sed
793 1997 961 2054 etiam
984 1995 1355 2058 crudelissimis

151 2082 412 2159 tyrannis
427 2082 621 2161 eripui.
671 2102 818 2162 quos
837 2080 878 2141 fi
901 2081 1209 2162 occupall'et
1231 2092 1355 2144 Do-

151 2165 370 2240 labella,
390 2187 508 2228 uon
525 2166 700 2228 solum
715 2168 981 2242 adventu,
1008 2167 1098 2229 sed
1114 2171 1277 2230 etiam
1293 2189 1359 2228 o-

149 2254 458 2332 pinione,et
473 2257 852 2334 expectatione
864 2257 1138 2314 exercitus
1151 2252 1230 2314 sui
1240 2262 1359 2318 Au·

152 2341 368 2400 touium
385 2339 768 2401 confirmasset.
793 2361 933 2420 quas
954 2343 1029 2402 ob
1046 2361 1133 2400 res
1151 2342 1354 2404 milite·

148 2438 323 2502 tuere,
336 2423 377 2485 fi
392 2447 490 2486 eos
505 2427 728 2491 mirifice
743 2427 812 2487 de
828 2425 1107 2508 republica
1121 2431 1353 2492 meritos

145 2509 252 2576 effe
263 2513 682 2592 animadvertis;
693 2530 751 2576 et
763 2515 941 2595 office,
950 2537 1023 2576 ne
1036 2537 1203 2604 quem
1214 2535 1351 2604 poc·
