1709 3084
445 224 772 283 EPIST.
821 238 969 285 ιιι.
1000 236 1089 281 11.
1284 242 1357 291 21

162 340 417 392 mecum3
442 318 594 399 quod
610 339 731 401 non
746 329 1021 399 putaram.
1048 320 1235 401 itaque
1248 340 1371 385 enm

163 402 398 469 tibimifi
407 449 423 464 .
449 425 616 483 quam
628 402 798 465 velim
809 402 881 464 fic
894 402 1065 483 legas,
1084 420 1145 465 ut
1161 404 1375 469 causam

164 508 392 553 tenuem
414 506 474 550 et
501 493 751 572 inopem,
771 510 877 549 nec
896 488 1195 571 scriptione
1218 513 1373 573 mag·

167 598 382 679 nopere
396 577 642 655 dignam.
671 576 762 637 sed
775 597 883 655 ego
900 572 1105 657 hospiti
1120 578 1293 639 veteri
1314 596 1375 643 et

167 666 351 725 amico
375 661 766 723 munusculum
791 664 1011 723 mittere
1040 664 1195 727 volui
1231 665 1371 727 levi

167 748 364 839 dense
376 748 548 811 craffo
561 750 658 810 filo
662 771 758 827 ,eu
753 746 999 827 jusmodi
1010 746 1177 829 ipsius
1192 750 1374 815 solent

168 834 276 896 ess'e
306 848 556 897 munera.
605 852 667 895 tu
694 834 863 897 velim
898 838 1089 897 animo
1117 832 1375 919 sapienti,

168 920 416 1001 fortique
429 920 530 982 fis·
554 937 619 981 ut
632 937 728 981 tua
737 918 1051 981 moderatio
1061 938 1118 983 et
1124 924 1375 1003 gravitas

168 1007 953 1087 aliomminsametinjuriam.
980 1008 1123 1069 vale.

355 1199 610 1241 menno
651 1198 1133 1241 notam-:Lean
1171 1202 1227 1245 s-

94 1281 149 1329 13
263 1268 434 1327 Caius
450 1268 748 1329 Suberimia
771 1266 1035 1343 Calenus,
1056 1280 1111 1325 et
1130 1288 1286 1329 meus
1298 1266 1376 1338 est

172 1350 488 1429 familiaris,
507 1368 566 1413 et
575 1360 784 1434 Leptae
798 1352 973 1413 nostri
984 1352 1377 1419 familiarissimi

170 1436 617 1521 pemeceffarius.
641 1441 692 1499 is
715 1460 842 1501 eum
857 1438 1073 1503 vitandi
1094 1440 1222 1501 belli
1244 1462 1375 1502 cau·-

170 1524 230 1587 sa
243 1524 524 1608 profectus
543 1524 674 1587 effet
693 1527 756 1586 in
778 1524 1105 1606 Hispaniam
1126 1548 1254 1589 cum
1280 1532 1373 1589 M.

169 1618 580 1675 Varroneante
593 1611 822 1689 bellum,
842 1616 989 1672 utin
1004 1634 1067 1673 ea
1086 1612 1377 1693 provincia

172 1697 326 1775 esset,
347 1701 409 1759 in
424 1719 534 1779 qua
549 1719 717 1759 nemo
735 1696 1005 1772 nostffiua,
1023 1698 1143 1779 post
1158 1696 1381 1759 Afrani·

172 1806 273 1847 um
301 1784 632 1865 superatum,
655 1784 855 1847 bellum
882 1782 1061 1845 ullum
1082 1783 1201 1845 fore
1214 1799 1377 1865 puta·

172 1886 294 1935 rat·
317 1871 510 1933 incidit
521 1874 582 1933 in
601 1892 664 1933 ea
683 1870 800 1953 ipsa
818 1870 987 1947 mala,
1008 1892 1147 1951 quae
1162 1868 1375 1933 summo

173 1956 358 2021 studio
371 1960 666 2021 vitaverat.
697 1956 978 2039 oppressus
1000 1956 1073 2019 est
1088 1958 1237 2020 enim
1260 1958 1377 2019 bel-

171 2044 234 2106 lo
253 2048 583 2147 repentino·
604 2044 758 2125 quod
783 2044 1009 2120 bellum,
1030 2060 1377 2105 commotum

172 2150 210 2191 a
231 2130 483 2211 Scapula,
513 2132 594 2191 ita
622 2128 811 2211 postea
829 2130 1219 2191 confirmatum
1246 2126 1321 2189 est
1343 2150 1379 2191 a

170 2218 470 2297 Pompeio,
481 2232 546 2277 ut
560 2215 711 2276 nulla
723 2219 945 2277 ratione
960 2214 1013 2277 se
1028 2217 1097 2274 ab
1112 2214 1204 2273 illa
1218 2212 1377 2293 mistf

171 2304 256 2363 ria
269 2304 482 2381 eripere
493 2300 690 2381 posset.
702 2301 891 2363 eadem
904 2296 1064 2361 causa
1077 2299 1188 2361 fere
1203 2297 1278 2359 est
1288 2306 1375 2361 Μ.

169 2388 358 2449 Planii
387 2388 656 2465 Heredis,
696 2389 795 2469 qui
823 2386 942 2445 est
927 2402 1059 2447 item
1096 2383 1334 2445 Calenus
1330 2428 1375 2486 ‚⁹

169 2480 385 2555 Leptae
403 2462 574 2535 nostri
601 2472 1059 2536 familiai-illimus.
1088 2468 1288 2531 hosce
1272 2472 1379 2547 igi-

170 2575 268 2621 tur
287 2561 456 2623 ambo
478 2560 582 2621 tibi
609 2556 680 2622 fic
708 2556 1067 2635 commendo,
1085 2572 1150 2617 ut
1170 2553 1384 2632 majore
1483 2641 1489 2647 .
