1709 3084
437 175 500 257 ‘E
523 177 566 233 P
588 178 616 233 1
637 177 672 231 S
696 177 778 233 T.
831 191 971 235 ιη.
994 192 1121 237 xn.
1266 198 1387 257 209

166 288 232 333 te
247 270 638 334 concionatur:
661 292 768 333 nec
779 274 1011 354 impune
1032 295 1050 333 z
1074 293 1205 335 nam
1220 273 1387 337 senti·-

165 375 254 435 et,
283 378 430 438 quos
446 358 744 419 laceffierit.
789 379 897 438 ego
912 376 1097 421 autem
1113 366 1231 421 asta
1246 362 1315 423 ad
1330 380 1387 425 te

168 448 372 507 omnia
399 448 644 505 arbitror
671 444 929 525 perscribi
950 451 1019 507 ab
1048 447 1209 508 aliis=
1235 470 1271 509 a
1297 470 1387 511 me

168 532 368 593 futura
397 532 564 593 debes
593 530 965 610 cognoscerey,
991 553 1231 614 quorum
1260 538 1387 619 qui·

170 617 306 679 dem
315 639 436 679 non
449 618 526 679 est
537 617 778 679 difficilis
793 620 1383 702 conjeeturamppreffa

171 706 372 767 omnia
383 702 536 766 sunt:
547 724 654 766 nec
666 706 873 766 habent
886 705 1083 769 ducem
1096 708 1387 785 boni‚nos-

170 800 364 879 trique
395 785 784 880 τυραννοκΊὸιοι
813 796 984 874 longe
1010 800 1261 875 gentium
1282 801 1377 859 ab·

172 888 328 951 sunt.
376 889 548 951 Panfi
573 904 634 949 et
653 888 822 950 sentit
849 891 1013 963 bene,
1050 905 1111 949 et
1136 888 1389 971 loquitur

171 976 420 1037 fortiter:
437 979 660 1038 Hirtius
675 975 861 1037 noster
874 974 1087 1036 tardius
1100 974 1381 1038 convales-

170 1064 278 1124 cit.
323 1062 718 1143 quidfutnrum
731 1060 820 1140 fit,
840 1060 1229 1143 planeneseio.
1260 1061 1381 1144 spen

171 1165 362 1211 tamen
377 1172 490 1211 una
513 1148 614 1227 est,
635 1148 937 1229 aliquando
966 1148 1235 1229 populum
1264 1155 1383 1210 Ro·

172 1254 404 1297 manum
419 1238 698 1315 majorum
711 1235 935 1297 fimilem
948 1234 1095 1297 fore.
1138 1256 1245 1313 ego
1260 1256 1381 1297 cer·

171 1337 232 1383 te
245 1322 576 1402 reipublicae
591 1344 712 1383 non
725 1322 999 1398 deer0,et‚
1008 1322 1282 1403 quidquid
1296 1344 1385 1385 ac·

169 1408 436 1485 ciderit,a
451 1430 569 1491 quo
581 1431 704 1469 met
717 1408 877 1491 culpa
890 1408 1047 1486 abiit,
1063 1412 1253 1470 animo
1266 1409 1379 1471 for·

171 1497 220 1555 ti
241 1494 435 1557 feram.
483 1496 616 1557 illud
645 1495 917 1577 presedit),
940 1496 1129 1576 quoad
1154 1512 1379 1577 potet-0,

171 1596 329 1645 tuam
343 1582 545 1645 famam
561 1598 616 1643 et
633 1584 957 1661 dignitatem
974 1585 1194 1643 tuebor.
1240 1604 1295 1645 a.
1316 1581 1377 1645 d.

171 1688 250 1732 x1
272 1689 296 1731 ι
313 1690 337 1731 1
359 1669 471 1731 kal.
489 1678 622 1748 Jan.
641 1668 859 1731 senatus
876 1670 1139 1748 frequens
1154 1671 1289 1729 mihi
1302 1668 1379 1731 est

173 1754 438 1832 amasus,
463 1778 592 1817 cum
613 1756 681 1817 de
711 1758 941 1817 caeteris
970 1758 1131 1815 rebus
1160 1757 1378 1834 magnis

175 1858 236 1903 et
264 1840 598 1919 necessariis,
619 1858 738 1903 tum
759 1842 828 1902 de
851 1843 1185 1921 provinciis,
1206 1845 1275 1902 ab
1304 1844 1379 1903 ii·

170 1931 272 2010 qui
301 1930 653 2005 obtinerent,
686 1929 1020 2003 retinendis,
1050 1949 1233 2008 neque
1260 1932 1377 1989 cui·

171 2016 342 2095 qu'am
357 2015 657 2092 tradendis,
673 2014 776 2077 nifi
789 2018 887 2096 qui
900 2036 975 2075 ex
988 2014 1377 2077 senatus-con·

172 2101 321 2163 fulto
337 2101 664 2164 successiffet.
711 2102 818 2163 hoc
831 2124 937 2181 ego
960 2123 1085 2164 cum
1116 2101 1379 2181 reipubli-

171 2208 272 2251 cae
285 2186 444 2249 causa
455 2187 663 2264 censui,
679 2206 821 2265 tum,
837 2188 1168 2263 mehercule,
1184 2189 1243 2245 in
1260 2190 1375 2266 pri·

169 2277 282 2338 mit
299 2275 616 2335 retinendae
629 2276 917 2354 dignitatis
934 2290 1079 2333 tuae.
1104 2276 1373 2354 quamob-

173 2381 289 2423 rem
305 2377 360 2421 te
373 2363 577 2423 amoris
593 2363 766 2423 nostri
775 2361 936 2423 'causa
958 2381 1122 2439 roge,
1150 2362 1375 2441 reipub·

169 2447 306 2509 licae
337 2446 493 2508 causa
521 2452 742 2526 hortor,
764 2464 828 2509 ut
847 2470 923 2508 ne
951 2448 1039 2507 eui
1070 2448 1373 2528 quidquam

162 2533 312 2616 juri·
325 2537 388 2597 in
403 2550 500 2595 tua
511 2534 806 2617 provincia
825 2534 929 2607 effe
942 2537 1182 2615 patiare:
1204 2549 1372 2614 atque
