1709 3084
319 194 370 252 E
393 197 434 252 Ρ
457 196 486 254 1
507 196 644 252 ST.
683 209 826 252 ιη.
850 207 1007 251 xlv.
1130 209 1270 271 3¹5-

49 308 119 352 et
139 289 182 352 fi
195 291 256 350 in
269 289 502 350 vestrum
519 291 870 370 complexum
886 309 1116 363 venero,
1138 289 1261 353 ποῦ.

51 393 118 438 et
129 392 316 451 ινσερτ
331 374 604 455 meipsum
619 375 1095 456 temperis-estus
1112 396 1263 453 mag-

53 485 206 524 num
233 465 366 522 mihi
394 462 629 522 fruanm
650 463 881 522 videbor
898 459 1187 541 percepiss'e
1206 477 1265 522 et

54 548 276 610 vestrae
289 550 527 627 pietatis,
547 563 603 606 et
618 568 788 608 meae.
843 546 1057 607 Pisonis
1070 551 1267 606 huma·

61 638 242 706 nitas„
263 635 464 706 virtus,
485 653 644 692 amor
663 636 724 692 in
739 653 937 692 omnes
953 653 1061 691 nos
1076 647 1267 692 tantus

62 720 168 793 est,
191 734 257 777 ut
285 717 424 776 nihil
447 713 606 796 supra
624 719 802 796 poffit.
847 720 1061 776 utinam
1086 739 1149 776 ea
1180 737 1267 777 res

61 807 121 865 ei
135 803 415 883 voluptati
429 800 514 862 fitz
537 803 746 879 gloriae
761 804 985 882 quidem
999 803 1163 862 video
1178 803 1270 862 fo·

65 912 154 952 re.
204 890 278 948 de
289 890 502 965 Quinto
516 888 684 948 fratre
707 890 844 949 nihil
864 910 969 966 ego
987 903 1039 947 te
1054 887 1270 948 accusa·

65 979 156 1050 vi3
184 973 276 1034 sed
295 994 424 1046 vos,
447 995 569 1033 cum
587 972 893 1053 praesertim
909 990 1021 1033 tam
1036 977 1192 1055 pauci
1207 973 1278 1035 fi·

69 1061 332 1138 tis,volui
345 1058 450 1119 effe
463 1081 626 1140 quam
641 1061 812 1137 conju
817 1061 1107 1122 nffiffimos
1115 1105 1133 1120 .
1150 1063 1278 1142 qui·-

69 1152 284 1210 busme
302 1145 522 1206 voluisti
541 1167 700 1224 agere
714 1149 939 1224 gratias,
968 1149 1080 1226 egi,
1103 1163 1161 1206 et
1190 1167 1281 1208 me

73 1257 110 1296 a
124 1249 185 1294 te
207 1233 500 1293 certiorem
519 1232 722 1292 factum
751 1231 852 1292 effi:
876 1231 1079 1310 scripfi.
1126 1230 1281 1311 quod

74 1321 148 1381 ad
180 1337 291 1392 me,
319 1339 440 1378 mea
467 1319 756 1393 Terentia,
777 1317 989 1394 scribisj
1020 1335 1075 1378 te
1090 1320 1279 1379 vicum

74 1403 462 1467 venditurum
493 1406 650 1482 quid,
674 1402 897 1464 obsecro
926 1419 1007 1478 te,
1029 1403 1147 1475 (me
1176 1406 1281 1463 mi·-

78 1491 297 1567 serum)
321 1489 456 1570 quid
471 1489 716 1550 futurum
739 1488 850 1550 est?
884 1505 964 1565 et,
978 1488 1017 1550 fi
1033 1510 1139 1550 nos
1158 1509 1283 1568 pre·

79 1592 204 1640 met
223 1575 410 1636 eadem
437 1575 686 1650 fortuna,
723 1576 859 1655 quid
888 1596 1063 1656 puero
1091 1574 1295 1636 misero

81 1664 213 1726 fiet?
239 1683 360 1722 non
375 1683 518 1740 queo
533 1663 738 1740 reliqua
753 1661 983 1720 scribere
999 1661 1186 1732 (tanta
1199 1663 1295 1720 vis

83 1750 440 1808 lacrimarum
461 1746 564 1823 est)
589 1768 660 1805 ne
679 1762 736 1806 te
751 1750 810 1805 in
833 1747 1069 1808 eundem
1099 1748 1291 1808 fletum

85 1833 384 1896 adducam.
430 1848 646 1893 tantum
659 1831 879 1905 scrib0‚·
892 1831 931 1889 fi
947 1847 1109 1890 erunt
1126 1835 1185 1890 in
1202 1831 1290 1892 of·-

87 1919 224 1980 ficio
239 1920 420 1992 amici,
440 1918 670 1997 pecunia
685 1939 802 1976 non
821 1918 1013 1976 deerit:
1046 1915 1084 1976 fi
1100 1938 1221 1976 non
1236 1938 1295 1976 e-

90 2019 254 2076 runt,
272 2019 332 2062 tu
348 2003 557 2062 efficere
571 2018 666 2061 tua
680 2005 913 2083 pecunia
930 2024 1047 2062 non
1063 2005 1295 2084 poteris.

92 2111 198 2174 per
227 2089 480 2148 foxtunas
511 2087 732 2148 miseras
773 2087 1194 2163 nostras,·vide,
1222 2108 1297 2148 ne

93 2197 328 2258 puerum
357 2175 632 2254 perditum
661 2175 948 2256 perdamus
971 2197 986 2233 ε
1013 2177 1102 2234 cui
1130 2171 1169 2233 fi
1198 2173 1301 2233 ali·

94 2262 237 2343 quid
257 2265 384 2335 erit,
414 2283 486 2320 ne
515 2277 694 2339 egeat,
727 2261 991 2338 mediqcri
1018 2262 1219 2320 virtute
1232 2280 1301 2318 o·

97 2369 207 2429 pus
230 2347 327 2422 est,
355 2363 414 2406 et
435 2347 698 2406 mediocri
721 2347 965 2421 fortuna,
996 2361 1059 2404 ut
1088 2361 1305 2404 caetera

99 2431 488 2512 consequatur.
531 2432 621 2492 fac
632 2433 839 2505 valeas,
862 2447 919 2490 et
940 2432 1007 2490 ad
1028 2451 1113 2490 me
1126 2429 1305 2490 tabel-

101 2520 274 2584 latios
289 2519 565 2596 mittas,ut
581 2515 744 2578 sciam
759 2516 895 2596 quid
912 2530 1182 2596 agatur,e.t
1196 2531 1307 2596 ἵοᾳ

641 2613 692 2664 0
742 2623 773 2690 3
