1709 3084
0 8 175 17 ——-——
220 10 227 12 -

371 192 696 251 EPIST.
737 185 1006 248 tinxi.
1192 190 1311 265 167

103 291 176 353 fit
195 287 266 351 ad
291 286 595 351 tollendam
615 286 1021 349 dubitationem
1044 284 1319 367 judicium
1354 356 1361 363 ,

103 394 166 439 et
179 374 468 441 confilium
481 389 658 435 tuum.
683 394 814 433 nam
829 388 887 433 et
898 370 1145 454 scripfisti
1160 394 1319 454 aper·

105 482 190 541 te,
211 461 352 544 quid
367 460 470 521 tibi
485 458 788 534 videretur,
813 475 875 521 et
888 461 1115 521 Atticae
1128 462 1199 521 ad
1228 480 1323 523 me

101 550 422 615 sermonem
435 563 594 609 tuum
609 546 854 628 pertulit.
871 545 1319 628 ,semperjudica-

103 641 174 699 vi
187 638 252 699 in
267 651 324 697 te
337 651 396 696 et
407 637 472 695 in
485 633 754 713 capiendo
773 630 1009 695 confilio
1030 633 1321 715 prudenti·

101 745 204 789 am
217 720 484 785 summam
497 718 754 796 effe,etin
767 718 1151 783 dandofidm·
1158 742 1319 785 max·

101 814 340 891 imaque
362 804 480 869 sum
497 821 784 888 expertus,
803 807 933 867 etim
950 807 1117 869 initio
1134 810 1321 873 civilis

101 898 246 961 belli
263 916 361 977 per
375 896 560 957 literas
575 910 630 955 te
643 890 1045 970 consuluissem,
1069 895 1201 974 quid
1214 898 1321 961 mi-

102 986 172 1046 hi
183 981 502 1046 faciendum
517 978 622 1041 effe
633 978 905 1056 censeres,
918 936 1235 1043 eundumne
1246 983 1321 1045 ad

103 1071 466 1149 Rompeium,
479 1090 552 1129 an
567 1065 937 1130 manendum
918 1088 979 1128 m
994 1066 1173 1129 Italia.
1198 1066 1323 1131 sua·
1340 1070 1349 1079 '

104 1157 244 1234 fisti,
279 1172 348 1217 ut
369 1152 714 1218 consulerem
741 1153 1005 1233 dignitati
1030 1174 1201 1219 meae.
1244 1176 1323 1219 ex

107 1266 258 1325 quo,
281 1240 418 1324 quid
445 1241 696 1318 sentires,
723 1240 999 1316 intellexi,
1022 1258 1081 1303 et
1093 1238 1209 1303 sum
1222 1243 1324 1305 ad·
1340 1246 1349 1257 ‘

108 1334 352 1393 miratus
367 1328 526 1390 fidem
541 1346 712 1405 tuam,
737 1345 793 1388 et
807 1329 870 1387 in
885 1327 1117 1391 confilio
1131 1329 1324 1393 dando

111 1417 468 1496 religionem.
496 1416 672 1497 quod,
699 1436 826 1477 cum
843 1415 993 1476 aliud
1007 1414 1169 1477 malle
1184 1420 1323 1479 ami-
1388 1462 1395 1471 .

110 1504 381 1565 ciffimum
397 1518 552 1565 tuum
565 1504 1101 1584 putares,antiquius
1117 1506 1219 1565 tibi
1233 1504 1325 1567 of·

110 1591 304 1653 ficium
319 1610 524 1666 meum,
551 1610 718 1669 quam
748 1589 895 1649 illius
917 1589 1179 1650 voluntas
1194 1590 1327 1655 fuit.

52 1679 80 1695 ⁴
115 1678 380 1759 equidem
393 1693 449 1737 et
461 1692 592 1737 ante
607 1680 716 1737 hoe
729 1692 949 1755 tempus
966 1690 1021 1735 te
1043 1675 1235 1750 dilexi,
1266 1692 1329 1739 et

117 1762 331 1846 semper
353 1785 442 1825 me
455 1785 490 1825 a
511 1780 565 1823 te
585 1762 744 1840 diligi
755 1760 927 1823 sensi:
958 1778 1015 1824 et
1029 1782 1155 1823 cum
1176 1762 1331 1825 abes-

116 1850 256 1925 sem,
277 1852 520 1931 atquein
540 1851 756 1929 magnis
777 1848 1035 1931 periculis
1056 1846 1238 1927 effem,
1266 1866 1329 1913 et

115 1959 212 1999 me
225 1935 504 1999 absentem
517 1952 574 1997 et
585 1956 740 1997 meos
753 1933 1063 2017 praesentes
1078 1958 1109 1998 a
1130 1952 1187 1997 te
1206 1937 1329 2001 cul·

118 2041 216 2086 tos
231 2040 287 2084 et
301 2022 550 2085 defensos
565 2021 667 2083 effie
685 2024 935 2083 memini.
982 2039 1040 2083 et
1059 2024 1179 2103 post
1207 2045 1327 2085 me-

118 2132 219 2171 um
255 2110 510 2187 reditum,
548 2113 716 2190 quim
745 2108 1084 2169 familiariter
1110 2131 1330 2173 mecum
1430 2126 1437 2133 ’

120 2197 358 2273 vixeris,
373 2216 620 2279 quaeque
631 2217 738 2275 ego
751 2196 820 2257 de
833 2212 891 2255 te
906 2212 960 2255 et
974 2194 1249 2271 senserim,
1270 2211 1331 2257 et

123 2282 506 2364 praedicarim,
513 2304 735 2360 omnes,
747 2284 848 2363 qui
865 2280 1045 2343 solent
1058 2284 1191 2343 haec
1204 2284 1329 2343 ani-

91 2390 104 2397 *
123 2370 646 2447 madvertere,testez
661 2372 943 2431 habemus.
962 2368 1331 2445 graviffimum

125 2479 268 2519 vero
275 2457 623 2538 judiciumde
633 2477 756 2517 mea
764 2454 872 2515 fide
880 2470 935 2515 et
944 2454 1013 2514 de
1023 2454 1335 2516 constantia

76 2550 94 2567 '
123 2540 318 2626 fecisti,
341 2565 466 2609 cum
479 2543 600 2624 post
612 2558 852 2607 mortem
874 2538 1119 2603 Caesaris
1148 2555 1333 2603 totum
