1709 3084
354 169 476 248 ηε
589 169 716 230 AD
757 165 1359 235 muamus

347 264 506 348 quo'd
542 287 608 327 ea
643 286 770 347 pars
799 264 989 326 Italiae
1016 264 1132 326 fine
1164 266 1411 326 exercitu
1446 261 1548 327 est.

348 353 506 436 quod
521 352 662 416 sime
681 350 879 414 Caesar
899 339 1149 428 audiiset,
1171 368 1335 434 atque
1356 359 1557 434 Apen-

349 443 550 502 ninum
573 435 920 513 tranfiss'et,in
937 455 1119 500 tantas
1112 436 1415 541 ‘angustias
1432 445 1557 499 An-

350 528 571 588 tonium
593 523 990 607 compulissem,
1020 539 1086 584 ut
1112 526 1307 606 inopia
1332 528 1553 604 potius,

349 633 518 694 quam
531 611 679 674 ferro
683 610 1099 689 ,conficeretur.
1115 609 1202 672 sed
1216 631 1402 692 neque
1418 618 1561 674 Cae·

348 697 452 760 sari
467 700 719 782 imperari
734 697 938 781 potest,
956 718 1059 760 nec
1074 695 1273 758 Caesar
1284 700 1561 760 exercitui

349 783 470 846 suo.
517 785 672 866 quod
695 801 991 866 utrumque
1006 784 1284 888 peffimum
1300 783 1399 847 est.
1432 805 1560 848 cum

349 873 484 933 haec
501 872 632 932 talia
653 869 798 932 fint.
781 891 939 952 ·quo
955 873 1163 945 minuS,
1187 871 1345 950 quod
1371 871 1447 934 ad
1472 893 1563 934 me

347 960 698 1044 pertinebit,
695 959 951 1018 homines
976 957 1355 1042 interpellent,
1378 975 1452 1020 ut
1474 959 1561 1020 su-

277 1118 286 1130 .
351 1065 454 1128 pra
468 1043 668 1128 scripfi,
695 1065 813 1104 non
830 1044 1097 1124 impedio.
1140 1046 1272 1104 haec
1288 1045 1561 1126 quemad·

353 1132 585 1194 modum
608 1131 875 1213 explicari
902 1129 1123 1212 possint‚
1152 1145 1267 1206 aut,
1290 1153 1325 1191 a
1350 1147 1410 1191 te
1432 1154 1561 1195 cum

350 1219 796 1300 explicabuntur,
808 1239 879 1278 ne
892 1216 1277 1300 impediantur,
1287 1218 1487 1281 timeo.
1505 1241 1559 1280 a·

350 1303 495 1364 lere
471 1323 590 1380 jam
605 1303 808 1363 milites
819 1325 940 1367 non
954 1301 1186 1392 possum.
1194 1325 1322 1366 eum
1336 1303 1407 1365 ad
1425 1327 1564 1368 rem

351 1391 624 1476 publicam
646 1388 987 1466 liberandam
1011 1385 1217 1467 accessi,
1242 1395 1329 1451 H·
1334 1399 1395 1452 -S
1426 1392 1564 1454 mihi

291 1471 300 1480 ’
351 1475 458 1536 suit
480 1476 739 1556 pecuniae
759 1497 924 1538 cccc
944 1474 1196 1560 amplius.
1229 1493 1455 1539 tantum
1470 1482 1563 1540 ab*

353 1559 513 1640 est‚ut
528 1583 676 1624 meae
693 1583 769 1623 rei
751 1557 1063 1624 familiaris
1079 1563 1309 1624 liberum
1320 1563 1387 1624 fit
1403 1566 1564 1648 quid-

355 1669 547 1734 quam,
567 1664 630 1710 ut
651 1671 845 1711 omnes
868 1651 989 1730 jam
1011 1671 1165 1710 meos
1194 1651 1405 1712 amicos
1438 1672 1565 1712 aere

355 1737 539 1799 alieno
571 1729 985 1798 obstrinxerim.
1031 1733 1315 1817 leptenum
1366 1759 1563 1798 nume·

357 1843 482 1882 rum
498 1844 649 1882 nunc
663 1821 944 1900 legionum
962 1822 1077 1898 alo,
1091 1843 1201 1902 qua
1214 1822 1562 1900 difficultate,

355 1921 420 1968 tu
431 1909 718 1967 arbitrare.
761 1931 905 1985 non,
930 1908 970 1970 fi
990 1911 1259 1968 Varronis
1274 1908 1563 1971 thesauros

359 1994 639 2066 haberem,
650 1985 917 2054 subsistere
933 1995 1170 2076 sumptui
1184 1993 1413 2076 poss‘em.
1435 2015 1565 2057 cum

357 2081 596 2160 primum
613 2079 678 2138 de
701 2085 959 2141 Antonio
982 2083 1334 2162 exploratum
1360 2085 1563 2142 habue-

357 2187 448 2244 ro,
479 2165 674 2227 faciam
707 2182 761 2226 te
785 2170 1093 2228 certiorem.
1141 2173 1204 2227 tu
1232 2185 1323 2227 me
1352 2170 1567 2228 amabis

357 2255 458 2327 ita,
482 2251 522 2313 fi
545 2258 654 2314 hoc
675 2254 819 2314 idem
840 2257 1010 2314 mein
1032 2270 1088 2313 te
1110 2253 1287 2314 facere
1308 2252 1565 2316 senseris.

365 2357 392 2406 1
411 2357 435 2406 1
451 2359 478 2402 ι
492 2384 509 2403 .
534 2361 678 2404 non.
697 2343 855 2421 Maii,
881 2361 953 2402 ex
966 2339 1175 2418 castris,
1200 2348 1483 2404 Dertona.
