1709 3084
314 163 451 240 326
539 165 669 218 AD
712 161 1330 218 FAMILIARES

312 261 395 338 pi,
422 259 665 336 cognovi
671 255 974 335 ,praedium
985 256 1210 314 nullum
1229 257 1434 316 venire
1445 273 1548 336 po·

314 341 491 402 misse,
536 361 707 422 quare
728 343 958 402 videatis
977 341 1172 413 velim,
1215 361 1342 419 quo
1377 343 1552 402 modo

316 426 546 488 satisfiat
564 431 639 500 ei,
672 429 762 488 cui
788 427 936 488 scitis
963 447 1054 484 me
1084 425 1350 486 satisfieri
1381 427 1550 486 velle.

314 514 471 594 quod
482 512 665 574 nostra
688 516 791 572 tibi
802 515 1004 590 gratias
1021 515 1160 588 agit,
1198 513 1258 570 id
1287 533 1408 590 ego
1433 534 1554 572 non

316 601 492 660 miror
513 615 569 658 te
582 601 799 672 mereri,
800 613 864 657 ut
877 618 946 656 eo
964 599 1061 656 tibi
1075 599 1290 656 merito
1303 615 1416 658 tuo
1423 620 1554 676 gra

316 687 423 744 tias
438 705 595 762 agere
610 684 787 763 poffit.
838 683 1124 757 Pollicem,
1152 681 1190 740 fi
1210 684 1406 744 adhuc
1431 704 1554 744 non

318 769 395 832 est
428 771 729 852 profectus»,
764 789 930 847 quam
953 769 1192 847 primum
1227 768 1321 830 fac
1351 785 1554 831 extru-

320 855 441 918 dn.
486 877 617 916 cura
640 871 705 919 ut
720 855 930 916 valeas,
976 854 1056 914 id.
1075 855 1292 932 Quint.

329 1048 402 1091 ιι.
434 1050 499 1091 τ.
519 1050 572 1088 c.
622 1047 759 1088 τειι
778 1045 1050 1086 nurus
1075 1045 1262 1086 suAE
1295 1047 1354 1088 s.
1385 1048 1452 1090 ι’.
1483 1049 1547 1090 n·

412 1123 619 1174 Omnes
630 1112 900 1174 molestias
915 1127 972 1172 et
990 1110 1554 1194 sollicitudines,qui.·
1565 1103 1590 1148 ⁷

323 1202 429 1260 bus
444 1217 499 1260 et
513 1217 569 1259 te
582 1198 935 1260 miserrimam
963 1200 1150 1270 habui,
1181 1198 1242 1258 id
1262 1201 1428 1278 quod
1445 1203 1550 1260 mi·

326 1287 385 1346 hi
398 1283 930 1359 molestiffimumest,
949 1300 1005 1342 et
1023 1282 1370 1360 Tulliolam,
1405 1306 1550 1365 quae

328 1375 493 1433 nobis
524 1372 709 1432 nostra
747 1374 866 1432 vita
897 1369 1112 1431 dulcior
1147 1369 1246 1444 est,
1288 1370 1558 1451 deposui,¹

327 1475 386 1518 et
399 1461 557 1535 ejeci.
602 1457 737 1536 quid
752 1455 940 1518 causae
973 1471 1155 1516 autem
1185 1454 1388 1530 sperit,
1419 1454 1558 1537 pos--
1689 1443 1691 1515 l

330 1546 493 1606 tridie
534 1543 783 1604 intellexi
826 1563 998 1622 quam
1039 1563 1074 1599 a
1115 1542 1286 1600 vobis
1315 1541 1540 1603 discesti.

330 1627 510 1718 χολιὶν
532 1624 761 1716 ἅκραῖον
778 1641 944 1696 ιιοὲὶιι
961 1636 1118 1713 ejeci.
1131 1635 1314 1696 statim
1331 1638 1414 1696 ita
1429 1637 1544 1698 sum
1687 1611 1690 1683 l

330 1729 541 1789 levatus
563 1741 627 1786 ut
650 1729 783 1786 mihi
812 1727 946 1786 deus
975 1726 1176 1806 aliquis
1201 1725 1542 1786 medicinam
1686 1779 1687 1782 ,

330 1812 508 1874 fecisse
524 1812 791 1874 videatur.
804 1814 892 1873 cui
903 1812 1126 1892 quidem
1139 1826 1202 1870 tu
1213 1810 1545 1890 deo,quem-
1685 1783 1688 1850 l

332 1899 625 1962 admodum
650 1897 810 1971 soles,
826 1901 918 1976 pie
929 1913 986 1956 et
999 1895 1134 1957 oeste
1153 1895 1250 1956 sati
1257 1895 1546 1972 sfaciasjd

333 1984 429 2060 est,
470 1985 721 2064 Apollini
736 1999 793 2044 et
810 1982 1152 2062 Aesculapio.
1199 2001 1404 2044 navem
1421 1981 1539 2064 spe·

336 2091 402 2131 ro
433 2090 541 2135 nos
563 2069 721 2132 valde
742 2072 948 2128 bonam
983 2070 1214 2141 habere3
1247 2070 1312 2127 in
1335 2065 1536 2128 camli-

336 2157 451 2218 mul
473 2170 636 2234 atque
646 2152 959 2227 conscendi,
981 2157 1113 2213 haec
1127 2151 1330 2232 scripfi.
1377 2152 1536 2214 dein·

332 2243 403 2305 de
422 2240 755 2301 conscribam
766 2239 833 2298 ad
847 2237 1068 2298 nostros
1077 2237 1374 2298 familiares
1391 2238 1530 2300 mul·

332 2337 419 2384 tas
454 2324 733 2401 epistolas,
772 2326 976 2402 quibus
1014 2340 1070 2382 te
1082 2365 1100 2397 ‚
1131 2338 1187 2382 et
1224 2324 1530 2384 Tulliolam

330 2406 567 2464 nostram
588 2408 1420 2482 diligentissimecommendabo.
1436 2430 1530 2468 co-

325 2492 577 2552 hortarer
591 2511 722 2568 vos,
740 2511 860 2572 quo
875 2495 1066 2556 animo
1079 2491 1315 2556 fortiore
1329 2491 1532 2571 effetis,
