1709 3084
357 97 476 173 178
575 98 701 188 AD
729 95 1329 158 FAMILIARES
1430 111 1435 113 ·

533 289 606 332 M.
633 290 695 331 T.
718 286 777 329 C·
802 287 861 330 C.
889 287 1135 332 CASSIO
1165 287 1299 330 s-v.
1326 286 1435 330 Do'

441 369 554 446 Qui
570 365 738 429 status
761 385 944 427 rerum
966 366 1135 427 fuerit
1164 383 1285 428 tum
1304 389 1442 428 cum
1468 369 1585 428 has
1604 399 1633 443 6
1691 431 1692 448 ἶ

351 449 540 517 literas
570 453 720 529 dedi,
753 451 885 514 scire
916 455 1126 533 poteris
1162 475 1237 515 ex
1274 459 1349 515 C.
1384 455 1583 514 Tidio

352 545 646 615 Strabone,
661 541 790 601 viro
804 542 961 600 bono
977 557 1035 600 et
1050 534 1259 621 optime
1274 541 1346 600 de
1363 543 1579 620 repub-

351 628 460 688 lica
474 625 762 688 sentiente.
811 646 943 686 nam
956 626 1091 706 quid
1106 627 1305 702 dicam,
1322 626 1577 706 cupidis-
1690 609 1692 712 Ι

351 712 492 774 fimo
517 715 621 789 tui,
646 714 769 790 qui,
791 711 963 772 domo
986 730 1043 772 et
1065 713 1311 773 fortunis
1338 713 1577 788 tenetis,

349 799 422 860 ad
445 813 499 858 te
513 799 840 878 potissimum
862 799 1138 879 profeEkus
1164 799 1269 859 fit?
1294 803 1493 879 itaque
1514 820 1575 859 e·

353 906 448 947 um
465 885 566 945 tibi
581 906 653 946 ne
667 885 1001 946 'commendo
1018 885 1263 965 quidem.
1288 886 1574 945 adventus

346 966 519 1054 'ipfius
542 971 690 1032 adte
710 969 840 1031 satis
871 991 995 1031 eum
1019 972 1457 1032 commendabit.
1512 987 1570 1032 tu

353 1058 522 1120 velim
555 1057 626 1118 fic
655 1058 949 1131 existimes,
980 1059 1191 1137 tibique
1216 1057 1567 1137 persuadeas,

353 1165 526 1205 omne
543 1144 848 1224 perfugium
866 1145 1141 1204 bonorum
1156 1147 1217 1203 in
1236 1159 1291 1203 te
1310 1160 1367 1202 et
1390 1151 1565 1204 Bruto

309 1279 313 1284 s
356 1229 461 1290 effe
475 1227 708 1312 potitum
715 1275 734 1306 ‚
747 1229 812 1306 fi,
827 1230 981 1310 quod
996 1229 1171 1291 nolim
1176 1229 1415 1306 ,adverfi
1432 1231 1565 1310 qnid

353 1317 624 1392 evenerit.
641 1337 751 1390 res,
763 1337 889 1377 cum
904 1321 1036 1376 haec
1046 1315 1493 1392 scribebam‚erat
1506 1320 1563 1376 in

355 1418 660 1462 extremum
677 1401 907 1462 addu&a
928 1401 1243 1463 discrimen.
1288 1411 1490 1463 Brutus
1506 1425 1562 1463 e-

355 1489 476 1550 nim
501 1490 754 1550 Mutinae
777 1490 877 1548 vix
899 1490 1020 1567 jam
1056 1487 1365 1549 sustinebat.
1400 1491 1493 1570 qui
1522 1488 1561 1549 fi

355 1573 714 1637 conservatus
731 1575 857 1648 erit,
878 1577 1143 1636 vicimus:
1182 1571 1263 1634 fin
1288 1574 1466 1655 (quod
1484 1576 1559 1635 dii

356 1683 528 1722 omen
544 1664 1014 1744 avertant)omnis
1032 1662 1281 1722 omnium
1296 1663 1476 1722 cursus
1492 1663 1559 1722 ad

357 1768 486 1810 νος.
545 1747 781 1828 proinde
797 1747 883 1808 fac
898 1751 1145 1810 animum
1166 1763 1387 1808 tantum
1400 1751 1555 1810 habe-

356 1854 444 1908 as,
470 1849 800 1914 tantumque
819 1851 1160 1913 apparatum,
1184 1837 1399 1914 qu'anto
1422 1856 1555 1916 opus

355 1915 434 1978 est
475 1918 546 1980 ad
575 1919 886 1982 universam
914 1921 1309 2000 rempublicam
1344 1942 1557 2003 recupe-

357 2005 609 2068 randam.
655 2005 802 2067 vale.
911 2005 917 2008 ’

536 2189 612 2256 γα.
637 2199 701 2239 τ.
726 2199 782 2241 e.
815 2197 875 2241 e.
901 2193 1147 2242 cAs's1o
1175 2203 1225 2244 s.
1249 2201 1308 2242 Ρ.
1333 2201 1399 2242 n.

447 2270 676 2340 Quanto
691 2265 869 2331 studio
884 2266 1211 2344 dignitatem
1228 2285 1401 2342 tuam,
1428 2283 1479 2328 et
1494 2267 1549 2328 in
1566 2299 1590 2344 7

358 2346 546 2407 senatu
561 2365 615 2408 et
631 2349 701 2409 ad
715 2353 983 2431 populum
998 2353 1359 2426 defenderim,
1382 2376 1449 2414 ex
1466 2371 1548 2413 tu-

353 2433 404 2492 is
423 2447 476 2492 te
489 2433 637 2496 malo
638 2455 830 2516 ,quam
841 2457 917 2506 ex
928 2454 1041 2520 me,
1053 2439 1400 2520 cognoscere.
1418 2461 1547 2522 quae
