1709 3084
443 130 498 190 E
517 132 611 192 ΡΙ
631 132 668 189 s
689 131 771 189 T.
823 144 966 190 m.
992 142 1147 189 xva.
1234 140 1361 206 409

145 225 316 295 illum
329 226 586 305 libenter,
615 244 733 289 tum
749 228 915 288 etiaim
930 228 1211 307 propriam
1234 226 1359 303 ejus

65 344 72 351 ·
148 312 479 387 suavitatem
494 318 846 375 vehementer
874 312 1198 393 amplector.
1244 312 1363 373 sum

149 416 315 461 totos
331 400 450 473 dies
465 422 590 461 cum
605 422 698 477 eo,
713 398 998 479 no&isque
1012 398 1367 481 saepenume-

150 506 224 549 ro
245 503 492 569 parterm
517 508 694 549 exoro
714 489 863 547 enirn
888 499 951 546 ut
963 506 1179 547 mecum
1200 506 1369 565 quam

131 572 450 654 ·saepiffime
483 590 699 634 coenet.
744 576 850 633 hac
884 571 1203 631 introducia
1226 591 1367 631 con·

51 702 57 709 -
152 658 472 735 suetudine,
507 659 660 739 saepe
691 658 1050 719 inscientibus
1094 658 1263 721 nobis
1306 672 1369 719 et

151 746 528 809 coenantibus
549 746 790 826 obrepit,
820 743 1137 826 sublataque
1165 743 1367 805 severi-

152 847 272 893 tate
286 830 682 913 philosophiae,
692 832 1067 893 humanissime
1081 828 1369 895 nobiscum

45 993 50 997 ,
147 916 403 999 jocatur.
451 940 620 1000 quare
636 918 706 979 da
737 924 989 1001 operam,
1018 933 1083 978 ut
1104 922 1257 980 hunc
1279 933 1367 979 ta-

154 1004 292 1083 lem,
307 1020 419 1066 tam
428 1004 768 1109 jucundum,
778 1021 892 1065 tam
908 1004 1266 1067 excellentem
1281 1006 1371 1065 vi-

156 1113 286 1161 rum
301 1089 488 1152 videas
505 1113 668 1173 quam
684 1092 947 1172 primum.
992 1112 1120 1152 narn
1144 1092 1281 1172 quid
1308 1110 1375 1152 e·

156 1200 236 1257 go
253 1176 323 1237 de
345 1180 562 1239 Bruttio
587 1176 808 1239 dicam?
837 1198 1003 1257 quem
1032 1176 1191 1239 nullo
1222 1193 1367 1240 tem·-

156 1285 298 1345 pore
329 1284 362 1321 a
389 1285 478 1324 me
499 1266 683 1345 patior
711 1262 1020 1325 discedere·
1025 1264 1213 1343 cujus
1235 1265 1365 1327 cum

156 1348 307 1428 frugi
325 1348 614 1433 severaque
631 1350 704 1411 est
716 1352 975 1426 vita,tum
990 1352 1155 1411 etiam
1164 1350 1371 1431 jucun·

159 1434 368 1498 diffima
385 1438 687 1498 convictio.
736 1459 857 1497 non
880 1437 954 1497 est
976 1438 1123 1497 enim
1147 1436 1371 1517 sejunc-

160 1537 254 1583 tus
293 1518 463 1599 jocus
504 1545 536 1583 a
565 1524 901 1605 philologia,
939 1540 998 1585 et
1041 1522 1369 1604 quotidiana

159 1608 462 1691 συζητησει.
499 1617 628 1677 huic
651 1636 760 1695 ego
789 1617 1023 1679 locum
1007 1639 1068 1677 m
1106 1610 1370 1697 proximo

159 1706 432 1772 conduxi:
458 1722 538 1780 et,
551 1721 614 1764 ut
637 1702 871 1787 possum,
886 1727 959 1767 ex
974 1706 1111 1767 meis
1128 1706 1369 1785 angusti*
1445 1730 1450 1734 ·

159 1795 212 1857 is
244 1792 394 1851 illius
419 1790 660 1852 sustento
691 1794 1037 1857 tenuitatem.
1084 1809 1369 1872 praeterea

160 1878 507 1957 declamitare
521 1884 568 1936 G
577 1898 726 1944 raece
740 1876 885 1957 apud
895 1878 1126 1939 Cassiurn
1137 1878 1371 1957 institui,

161 1966 364 2033 Latine
377 1980 554 2032 autem
566 1961 712 2043 apud
722 1966 995 2024 Bruttium
1004 1965 1248 2025 exerceri
1261 1986 1367 2026 vo-

161 2050 244 2119 lo.
265 2066 395 2111 utor
411 2048 766 2111 familiaribus
771 2094 791 2125 ,
805 2066 861 2109 et
876 2051 1219 2132 quotidianis
1234 2074 1374 2113 con·-

161 2138 494 2212 victoribus,
516 2155 660 2216 quos
698 2134 877 2197 secum
908 2136 1195 2217 Mitylenis
1228 2145 1369 2199 Cra·
1403 2214 1405 2216 ‚

160 2224 349 2303 tippus
371 2220 624 2297 adduxit,
643 2222 962 2284 hominibus
992 2239 1048 2284 et
1077 2224 1276 2301 doctis,
1310 2218 1379 2287 et-

162 2308 242 2381 illi
271 2308 669 2387 probatissimis.
717 2309 951 2370 multum
968 2311 1131 2370 etiam
1154 2332 1383 2379 mecum

161 2390 238 2463 cst
265 2396 580 2473 Epicrates,
625 2395 887 2475 princeps
922 2396 1368 2481 Athenienffum,

162 2479 558 2559 erLeonides,
575 2496 634 2541 et
663 2484 863 2542 horum
898 2484 1100 2545 caeteri
1135 2475 1381 2556 ssmiles..

719 2572 849 2639 Sa
