<?xml version="1.0" encoding="UTF-8"?>
<!DOCTYPE html PUBLIC "-//W3C//DTD XHTML 1.0 Transitional//EN"
    "http://www.w3.org/TR/xhtml1/DTD/xhtml1-transitional.dtd">
<html xmlns="http://www.w3.org/1999/xhtml" xml:lang="en" lang="en">
 <head>
  <title>
</title>
<meta http-equiv="Content-Type" content="text/html;charset=utf-8" />
  <meta name='ocr-system' content='tesseract 3.04.00' />
  <meta name='ocr-capabilities' content='ocr_page ocr_carea ocr_par ocr_line ocrx_word'/>
</head>
<body>
  <div class='ocr_page' id='page_1' title='image "./mtulliiciceroni13unkngoog_0225.png"; bbox 0 0 1709 3084; ppageno 0'>
   <div class='ocr_carea' id='block_1_1' title="bbox 433 175 1367 255">
    <p class='ocr_par' dir='ltr' id='par_1_1' title="bbox 433 175 1367 255">
     <span class='ocr_line' id='line_1_1' title="bbox 433 175 1367 255; baseline 0.012 -26"><span class='ocrx_word' id='word_1_1' title='bbox 433 176 482 229; x_wconf 84' lang='lat' dir='ltr'>E</span> <span class='ocrx_word' id='word_1_2' title='bbox 506 176 548 231; x_wconf 89' lang='lat' dir='ltr'>P</span> <span class='ocrx_word' id='word_1_3' title='bbox 572 175 759 231; x_wconf 89' lang='lat' dir='ltr'><strong>IST.</strong></span> <span class='ocrx_word' id='word_1_4' title='bbox 807 186 1109 235; x_wconf 57' lang='lat' dir='ltr'>Luam.</span> <span class='ocrx_word' id='word_1_5' title='bbox 1250 192 1367 255; x_wconf 76' lang='lat'>213</span> 
     </span>
    </p>
   </div>
   <div class='ocr_carea' id='block_1_2' title="bbox 149 269 1377 1657">
    <p class='ocr_par' dir='ltr' id='par_1_2' title="bbox 149 269 1377 1657">
     <span class='ocr_line' id='line_1_2' title="bbox 149 269 1377 356; baseline 0.004 -26"><span class='ocrx_word' id='word_1_6' title='bbox 149 269 492 356; x_wconf 84' lang='lat' dir='ltr'><strong>populoque</strong></span> <span class='ocrx_word' id='word_1_7' title='bbox 513 275 771 331; x_wconf 85' lang='lat' dir='ltr'>Romano</span> <span class='ocrx_word' id='word_1_8' title='bbox 785 269 1057 349; x_wconf 72' lang='lat' dir='ltr'>profess&#39;m</span> <span class='ocrx_word' id='word_1_9' title='bbox 1072 269 1187 333; x_wconf 82' lang='lat' dir='ltr'>sum</span> <span class='ocrx_word' id='word_1_10' title='bbox 1204 294 1222 331; x_wconf 73' lang='lat' dir='ltr'><strong><em>z</em></strong></span> <span class='ocrx_word' id='word_1_11' title='bbox 1248 293 1377 349; x_wconf 83' lang='lat' dir='ltr'>nec,</span> 
     </span>
     <span class='ocr_line' id='line_1_3' title="bbox 149 351 1377 443; baseline -0.001 -24"><span class='ocrx_word' id='word_1_12' title='bbox 149 355 522 443; x_wconf 79' lang='lat' dir='ltr'>posteaquam</span> <span class='ocrx_word' id='word_1_13' title='bbox 537 351 736 437; x_wconf 84' lang='lat' dir='ltr'>suscepi</span> <span class='ocrx_word' id='word_1_14' title='bbox 753 356 967 417; x_wconf 82' lang='lat' dir='ltr'>causam</span> <span class='ocrx_word' id='word_1_15' title='bbox 982 358 1249 418; x_wconf 74' lang='lat' dir='ltr'>libertatis</span> <span class='ocrx_word' id='word_1_16' title='bbox 1254 362 1377 433; x_wconf 80' lang='lat' dir='ltr'>,mi-</span> 
     </span>
     <span class='ocr_line' id='line_1_4' title="bbox 151 440 1377 525; baseline -0.002 -18"><span class='ocrx_word' id='word_1_17' title='bbox 151 447 384 507; x_wconf 84' lang='lat' dir='ltr'>nimum</span> <span class='ocrx_word' id='word_1_18' title='bbox 411 442 794 525; x_wconf 46' lang='lat' dir='ltr'>tempussamifi</span> <span class='ocrx_word' id='word_1_19' title='bbox 819 444 1051 505; x_wconf 87' lang='lat' dir='ltr'>tuendae</span> <span class='ocrx_word' id='word_1_20' title='bbox 1076 440 1289 520; x_wconf 84' lang='lat' dir='ltr'>salutis,</span> <span class='ocrx_word' id='word_1_21' title='bbox 1312 446 1377 505; x_wconf 88' lang='lat' dir='ltr'>li·</span> 
     </span>
     <span class='ocr_line' id='line_1_5' title="bbox 151 528 1377 612; baseline -0.002 -17"><span class='ocrx_word' id='word_1_22' title='bbox 151 528 502 609; x_wconf 84' lang='lat' dir='ltr'>bertatisque</span> <span class='ocrx_word' id='word_1_23' title='bbox 521 532 856 591; x_wconf 81' lang='lat' dir='ltr'>communis.</span> <span class='ocrx_word' id='word_1_24' title='bbox 880 530 972 591; x_wconf 90' lang='lat' dir='ltr'>sed</span> <span class='ocrx_word' id='word_1_25' title='bbox 994 534 1127 593; x_wconf 83' lang='lat' dir='ltr'>haec</span> <span class='ocrx_word' id='word_1_26' title='bbox 1150 552 1377 612; x_wconf 87' lang='lat' dir='ltr'>quoque</span> 
     </span>
     <span class='ocr_line' id='line_1_6' title="bbox 151 616 1377 694; baseline 0 -13"><span class='ocrx_word' id='word_1_27' title='bbox 151 636 306 681; x_wconf 83' lang='lat' dir='ltr'>teex</span> <span class='ocrx_word' id='word_1_28' title='bbox 321 616 443 676; x_wconf 79' lang='lat' dir='ltr'>aliis</span> <span class='ocrx_word' id='word_1_29' title='bbox 459 616 626 677; x_wconf 85' lang='lat' dir='ltr'><strong>malo.</strong></span> <span class='ocrx_word' id='word_1_30' title='bbox 645 618 1377 694; x_wconf 74' lang='lat' dir='ltr'>T.Pinarium,familiariffi-</span> 
     </span>
     <span class='ocr_line' id='line_1_7' title="bbox 153 703 1372 779; baseline 0.003 -14"><span class='ocrx_word' id='word_1_31' title='bbox 153 725 322 769; x_wconf 76' lang='lat' dir='ltr'>mum</span> <span class='ocrx_word' id='word_1_32' title='bbox 343 724 550 779; x_wconf 88' lang='lat' dir='ltr'>meum,</span> <span class='ocrx_word' id='word_1_33' title='bbox 581 719 740 765; x_wconf 84' lang='lat' dir='ltr'><strong>tanto</strong></span> <span class='ocrx_word' id='word_1_34' title='bbox 764 707 865 765; x_wconf 87' lang='lat' dir='ltr'>tibi</span> <span class='ocrx_word' id='word_1_35' title='bbox 887 703 1063 766; x_wconf 87' lang='lat' dir='ltr'>studio</span> <span class='ocrx_word' id='word_1_36' title='bbox 1087 727 1372 769; x_wconf 80' lang='lat' dir='ltr'>commen·</span> 
     </span>
     <span class='ocr_line' id='line_1_8' title="bbox 155 791 1374 877; baseline 0.003 -26"><span class='ocrx_word' id='word_1_37' title='bbox 155 792 266 869; x_wconf 86' lang='lat' dir='ltr'>do,</span> <span class='ocrx_word' id='word_1_38' title='bbox 283 806 346 849; x_wconf 88' lang='lat' dir='ltr'>ut</span> <span class='ocrx_word' id='word_1_39' title='bbox 361 791 570 869; x_wconf 86' lang='lat' dir='ltr'>majore</span> <span class='ocrx_word' id='word_1_40' title='bbox 583 812 702 851; x_wconf 87' lang='lat' dir='ltr'>non</span> <span class='ocrx_word' id='word_1_41' title='bbox 718 792 935 870; x_wconf 74' lang='lat' dir='ltr'>possinu</span> <span class='ocrx_word' id='word_1_42' title='bbox 959 794 1047 853; x_wconf 84' lang='lat' dir='ltr'>cui</span> <span class='ocrx_word' id='word_1_43' title='bbox 1064 812 1187 853; x_wconf 85' lang='lat' dir='ltr'>cum</span> <span class='ocrx_word' id='word_1_44' title='bbox 1205 814 1374 877; x_wconf 84' lang='lat' dir='ltr'><strong>prop·</strong></span> 
     </span>
     <span class='ocr_line' id='line_1_9' title="bbox 155 880 1373 962; baseline 0.002 -24"><span class='ocrx_word' id='word_1_45' title='bbox 155 894 252 939; x_wconf 83' lang='lat' dir='ltr'>ter</span> <span class='ocrx_word' id='word_1_46' title='bbox 283 899 480 939; x_wconf 78' lang='lat' dir='ltr'>omnes</span> <span class='ocrx_word' id='word_1_47' title='bbox 510 880 770 953; x_wconf 81' lang='lat' dir='ltr'>virtutes,</span> <span class='ocrx_word' id='word_1_48' title='bbox 797 893 919 937; x_wconf 86' lang='lat' dir='ltr'>tum</span> <span class='ocrx_word' id='word_1_49' title='bbox 948 882 1113 939; x_wconf 83' lang='lat' dir='ltr'>etiam</span> <span class='ocrx_word' id='word_1_50' title='bbox 1144 896 1373 962; x_wconf 80' lang='lat' dir='ltr'>propter</span> 
     </span>
     <span class='ocr_line' id='line_1_10' title="bbox 158 963 1373 1039; baseline 0.002 -14"><span class='ocrx_word' id='word_1_51' title='bbox 158 963 342 1025; x_wconf 84' lang='lat' dir='ltr'>studia</span> <span class='ocrx_word' id='word_1_52' title='bbox 378 967 719 1039; x_wconf 85' lang='lat' dir='ltr'>communia,</span> <span class='ocrx_word' id='word_1_53' title='bbox 757 963 877 1024; x_wconf 85' lang='lat' dir='ltr'>sum</span> <span class='ocrx_word' id='word_1_54' title='bbox 906 966 1272 1028; x_wconf 64' lang='lat' dir='ltr'>amicissimus.</span> <span class='ocrx_word' id='word_1_55' title='bbox 1322 968 1373 1029; x_wconf 72' lang='lat' dir='ltr'>is</span> 
     </span>
     <span class='ocr_line' id='line_1_11' title="bbox 156 1051 1375 1134; baseline 0.002 -21"><span class='ocrx_word' id='word_1_56' title='bbox 156 1067 430 1134; x_wconf 85' lang='lat' dir='ltr'>procurat</span> <span class='ocrx_word' id='word_1_57' title='bbox 466 1052 712 1111; x_wconf 82' lang='lat' dir='ltr'>rationes</span> <span class='ocrx_word' id='word_1_58' title='bbox 743 1054 1081 1133; x_wconf 79' lang='lat' dir='ltr'>negotiaque</span> <span class='ocrx_word' id='word_1_59' title='bbox 1116 1051 1375 1133; x_wconf 81' lang='lat' dir='ltr'>Dionyfii</span> 
     </span>
     <span class='ocr_line' id='line_1_12' title="bbox 160 1136 1375 1219; baseline 0.002 -20"><span class='ocrx_word' id='word_1_60' title='bbox 160 1137 364 1215; x_wconf 81' lang='lat' dir='ltr'>nostri,</span> <span class='ocrx_word' id='word_1_61' title='bbox 387 1159 554 1218; x_wconf 88' lang='lat' dir='ltr'>quem</span> <span class='ocrx_word' id='word_1_62' title='bbox 577 1154 637 1197; x_wconf 87' lang='lat' dir='ltr'>et</span> <span class='ocrx_word' id='word_1_63' title='bbox 653 1136 963 1201; x_wconf 85' lang='lat' dir='ltr'>tumultum</span> <span class='ocrx_word' id='word_1_64' title='bbox 986 1160 1159 1215; x_wconf 70' lang='lat' dir='ltr'><strong>amas,</strong></span> <span class='ocrx_word' id='word_1_65' title='bbox 1178 1155 1237 1200; x_wconf 83' lang='lat' dir='ltr'>et</span> <span class='ocrx_word' id='word_1_66' title='bbox 1264 1160 1375 1219; x_wconf 82' lang='lat' dir='ltr'>ego</span> 
     </span>
     <span class='ocr_line' id='line_1_13' title="bbox 159 1226 1372 1306; baseline 0.002 -18"><span class='ocrx_word' id='word_1_67' title='bbox 159 1228 416 1289; x_wconf 84' lang='lat' dir='ltr'>omnium</span> <span class='ocrx_word' id='word_1_68' title='bbox 445 1226 768 1303; x_wconf 75' lang='lat' dir='ltr'>plurimum.</span> <span class='ocrx_word' id='word_1_69' title='bbox 811 1246 879 1287; x_wconf 84' lang='lat' dir='ltr'>ea</span> <span class='ocrx_word' id='word_1_70' title='bbox 899 1228 1003 1289; x_wconf 84' lang='lat' dir='ltr'>tibi</span> <span class='ocrx_word' id='word_1_71' title='bbox 1014 1248 1121 1306; x_wconf 83' lang='lat' dir='ltr'>ego</span> <span class='ocrx_word' id='word_1_72' title='bbox 1139 1248 1261 1289; x_wconf 84' lang='lat' dir='ltr'>non</span> <span class='ocrx_word' id='word_1_73' title='bbox 1276 1226 1372 1289; x_wconf 86' lang='lat' dir='ltr'>de·</span> 
     </span>
     <span class='ocr_line' id='line_1_14' title="bbox 159 1310 1367 1377; baseline 0.002 -2"><span class='ocrx_word' id='word_1_74' title='bbox 159 1314 274 1375; x_wconf 83' lang='lat' dir='ltr'>beo</span> <span class='ocrx_word' id='word_1_75' title='bbox 288 1313 698 1375; x_wconf 74' lang='lat' dir='ltr'>commendare:</span> <span class='ocrx_word' id='word_1_76' title='bbox 711 1310 800 1372; x_wconf 89' lang='lat' dir='ltr'>sed</span> <span class='ocrx_word' id='word_1_77' title='bbox 810 1315 1143 1376; x_wconf 85' lang='lat' dir='ltr'>commendo</span> <span class='ocrx_word' id='word_1_78' title='bbox 1159 1330 1367 1377; x_wconf 77' lang='lat' dir='ltr'>tamen.</span> 
     </span>
     <span class='ocr_line' id='line_1_15' title="bbox 161 1398 1373 1485; baseline 0.002 -24"><span class='ocrx_word' id='word_1_79' title='bbox 161 1398 330 1461; x_wconf 76' lang='lat' dir='ltr'>facies</span> <span class='ocrx_word' id='word_1_80' title='bbox 349 1402 538 1478; x_wconf 84' lang='lat' dir='ltr'>igitur,</span> <span class='ocrx_word' id='word_1_81' title='bbox 559 1416 624 1463; x_wconf 86' lang='lat' dir='ltr'>ut</span> <span class='ocrx_word' id='word_1_82' title='bbox 637 1420 712 1461; x_wconf 81' lang='lat' dir='ltr'>ex</span> <span class='ocrx_word' id='word_1_83' title='bbox 726 1401 953 1485; x_wconf 52' lang='lat' dir='ltr'>Iginarii,</span> <span class='ocrx_word' id='word_1_84' title='bbox 972 1401 1249 1481; x_wconf 82' lang='lat' dir='ltr'>gratiffimi</span> <span class='ocrx_word' id='word_1_85' title='bbox 1272 1404 1373 1463; x_wconf 87' lang='lat' dir='ltr'>ho-</span> 
     </span>
     <span class='ocr_line' id='line_1_16' title="bbox 161 1487 1373 1569; baseline 0.003 -20"><span class='ocrx_word' id='word_1_86' title='bbox 161 1488 359 1563; x_wconf 81' lang='lat' dir='ltr'>minis,</span> <span class='ocrx_word' id='word_1_87' title='bbox 387 1487 560 1549; x_wconf 79' lang='lat' dir='ltr'>literis</span> <span class='ocrx_word' id='word_1_88' title='bbox 577 1503 734 1549; x_wconf 85' lang='lat' dir='ltr'>tuum</span> <span class='ocrx_word' id='word_1_89' title='bbox 755 1503 810 1548; x_wconf 92' lang='lat' dir='ltr'>et</span> <span class='ocrx_word' id='word_1_90' title='bbox 829 1508 963 1565; x_wconf 81' lang='lat' dir='ltr'>erga</span> <span class='ocrx_word' id='word_1_91' title='bbox 976 1489 1155 1567; x_wconf 80' lang='lat' dir='ltr'>illum,</span> <span class='ocrx_word' id='word_1_92' title='bbox 1171 1504 1227 1549; x_wconf 80' lang='lat' dir='ltr'>et</span> <span class='ocrx_word' id='word_1_93' title='bbox 1240 1508 1373 1569; x_wconf 69' lang='lat' dir='ltr'>erga</span> 
     </span>
     <span class='ocr_line' id='line_1_17' title="bbox 162 1572 1337 1657; baseline 0 -20"><span class='ocrx_word' id='word_1_94' title='bbox 162 1573 500 1657; x_wconf 78' lang='lat' dir='ltr'>Dionyfium</span> <span class='ocrx_word' id='word_1_95' title='bbox 513 1573 746 1637; x_wconf 80' lang='lat' dir='ltr'>studium</span> <span class='ocrx_word' id='word_1_96' title='bbox 759 1572 1172 1656; x_wconf 60' lang='lat' dir='ltr'>perspiciamus.</span> <span class='ocrx_word' id='word_1_97' title='bbox 1193 1576 1337 1638; x_wconf 81' lang='lat' dir='ltr'>vale.</span> 
     </span>
    </p>
   </div>
   <div class='ocr_carea' id='block_1_3' title="bbox 85 1766 1373 2613">
    <p class='ocr_par' dir='ltr' id='par_1_3' title="bbox 85 1766 1373 2263">
     <span class='ocr_line' id='line_1_18' title="bbox 169 1766 1365 1813; baseline 0.003 -4"><span class='ocrx_word' id='word_1_98' title='bbox 169 1767 246 1809; x_wconf 70' lang='grc' dir='ltr'>Μ.</span> <span class='ocrx_word' id='word_1_99' title='bbox 278 1768 342 1808; x_wconf 86' lang='grc' dir='ltr'>τ.</span> <span class='ocrx_word' id='word_1_100' title='bbox 367 1766 626 1810; x_wconf 71' lang='lat' dir='ltr'>crenno</span> <span class='ocrx_word' id='word_1_101' title='bbox 651 1767 837 1810; x_wconf 69' lang='lat' dir='ltr'>comt</span> <span class='ocrx_word' id='word_1_102' title='bbox 857 1766 1099 1813; x_wconf 70' lang='lat' dir='ltr'>11²1c10</span> <span class='ocrx_word' id='word_1_103' title='bbox 1124 1766 1174 1809; x_wconf 78' lang='lat' dir='ltr'>s·</span> <span class='ocrx_word' id='word_1_104' title='bbox 1209 1766 1269 1811; x_wconf 67' lang='lat' dir='ltr'>r.</span> <span class='ocrx_word' id='word_1_105' title='bbox 1298 1767 1365 1813; x_wconf 80' lang='lat' dir='ltr'>n.</span> 
     </span>
     <span class='ocr_line' id='line_1_19' title="bbox 85 1834 1369 1917; baseline 0.007 -27"><span class='ocrx_word' id='word_1_106' title='bbox 85 1846 150 1890; x_wconf 82' lang='lat'>25</span> <span class='ocrx_word' id='word_1_107' title='bbox 253 1834 602 1895; x_wconf 80' lang='lat' dir='ltr'>Liberalibus</span> <span class='ocrx_word' id='word_1_108' title='bbox 626 1834 812 1896; x_wconf 78' lang='lat' dir='ltr'>literas</span> <span class='ocrx_word' id='word_1_109' title='bbox 837 1835 1023 1916; x_wconf 79' lang='lat' dir='ltr'>accepi</span> <span class='ocrx_word' id='word_1_110' title='bbox 1051 1850 1199 1913; x_wconf 75' lang='lat' dir='ltr'>tuas,</span> <span class='ocrx_word' id='word_1_111' title='bbox 1226 1854 1369 1917; x_wconf 71' lang='lat' dir='ltr'>quas</span> 
     </span>
     <span class='ocr_line' id='line_1_20' title="bbox 165 1919 1373 2000; baseline 0.002 -17"><span class='ocrx_word' id='word_1_112' title='bbox 165 1923 302 1983; x_wconf 86' lang='lat' dir='ltr'>mihi</span> <span class='ocrx_word' id='word_1_113' title='bbox 329 1919 666 1981; x_wconf 79' lang='lat' dir='ltr'>Cornificius</span> <span class='ocrx_word' id='word_1_114' title='bbox 693 1922 869 1983; x_wconf 85' lang='lat' dir='ltr'>altero</span> <span class='ocrx_word' id='word_1_115' title='bbox 888 1920 1145 1983; x_wconf 80' lang='lat' dir='ltr'>vicefimo</span> <span class='ocrx_word' id='word_1_116' title='bbox 1168 1923 1276 2000; x_wconf 89' lang='lat' dir='ltr'>die,</span> <span class='ocrx_word' id='word_1_117' title='bbox 1306 1938 1373 1985; x_wconf 84' lang='lat' dir='ltr'>ut</span> 
     </span>
     <span class='ocr_line' id='line_1_21' title="bbox 166 2007 1371 2086; baseline 0.002 -17"><span class='ocrx_word' id='word_1_118' title='bbox 166 2008 408 2086; x_wconf 80' lang='lat' dir='ltr'>dicebat,</span> <span class='ocrx_word' id='word_1_119' title='bbox 441 2007 696 2071; x_wconf 86' lang='lat' dir='ltr'>reddidit.</span> <span class='ocrx_word' id='word_1_120' title='bbox 732 2030 804 2071; x_wconf 87' lang='lat' dir='ltr'>eo</span> <span class='ocrx_word' id='word_1_121' title='bbox 823 2009 916 2070; x_wconf 89' lang='lat' dir='ltr'>die</span> <span class='ocrx_word' id='word_1_122' title='bbox 932 2030 1053 2071; x_wconf 87' lang='lat' dir='ltr'>non</span> <span class='ocrx_word' id='word_1_123' title='bbox 1083 2008 1189 2071; x_wconf 86' lang='lat' dir='ltr'>fuit</span> <span class='ocrx_word' id='word_1_124' title='bbox 1217 2010 1371 2071; x_wconf 80' lang='lat' dir='ltr'><strong>sena·</strong></span> 
     </span>
     <span class='ocr_line' id='line_1_22' title="bbox 163 2092 1373 2176; baseline 0.002 -21"><span class='ocrx_word' id='word_1_125' title='bbox 163 2110 279 2171; x_wconf 80' lang='lat' dir='ltr'>tus,</span> <span class='ocrx_word' id='word_1_126' title='bbox 313 2116 493 2175; x_wconf 89' lang='lat' dir='ltr'>neque</span> <span class='ocrx_word' id='word_1_127' title='bbox 523 2092 762 2173; x_wconf 83' lang='lat' dir='ltr'>postero.</span> <span class='ocrx_word' id='word_1_128' title='bbox 812 2098 1239 2176; x_wconf 77' lang='lat' dir='ltr'>quinquatribus</span> <span class='ocrx_word' id='word_1_129' title='bbox 1260 2096 1373 2157; x_wconf 84' lang='lat' dir='ltr'>fre·</span> 
     </span>
     <span class='ocr_line' id='line_1_23' title="bbox 167 2180 1371 2263; baseline 0 -21"><span class='ocrx_word' id='word_1_130' title='bbox 167 2184 363 2263; x_wconf 80' lang='lat' dir='ltr'>quenti</span> <span class='ocrx_word' id='word_1_131' title='bbox 379 2182 568 2243; x_wconf 83' lang='lat' dir='ltr'>senatu</span> <span class='ocrx_word' id='word_1_132' title='bbox 582 2180 798 2245; x_wconf 81' lang='lat' dir='ltr'>causam</span> <span class='ocrx_word' id='word_1_133' title='bbox 813 2200 965 2243; x_wconf 83' lang='lat' dir='ltr'>tuam</span> <span class='ocrx_word' id='word_1_134' title='bbox 980 2184 1067 2260; x_wconf 86' lang='lat' dir='ltr'>egi</span> <span class='ocrx_word' id='word_1_135' title='bbox 1084 2204 1205 2243; x_wconf 85' lang='lat' dir='ltr'>non</span> <span class='ocrx_word' id='word_1_136' title='bbox 1220 2183 1371 2244; x_wconf 81' lang='lat' dir='ltr'>invi·</span> 
     </span>
    </p>

    <p class='ocr_par' dir='ltr' id='par_1_4' title="bbox 166 2267 1373 2434">
     <span class='ocr_line' id='line_1_24' title="bbox 167 2267 1373 2350; baseline 0.002 -21"><span class='ocrx_word' id='word_1_137' title='bbox 167 2271 224 2329; x_wconf 65' lang='lat' dir='ltr'>ti</span> <span class='ocrx_word' id='word_1_138' title='bbox 254 2270 552 2331; x_wconf 60' lang='lat' dir='ltr'>Minci-vd:</span> <span class='ocrx_word' id='word_1_139' title='bbox 579 2273 786 2331; x_wconf 86' lang='lat' dir='ltr'>etenim</span> <span class='ocrx_word' id='word_1_140' title='bbox 813 2290 885 2332; x_wconf 89' lang='lat' dir='ltr'>eo</span> <span class='ocrx_word' id='word_1_141' title='bbox 909 2268 1031 2350; x_wconf 85' lang='lat' dir='ltr'>ipso</span> <span class='ocrx_word' id='word_1_142' title='bbox 1046 2270 1137 2331; x_wconf 90' lang='lat' dir='ltr'>die</span> <span class='ocrx_word' id='word_1_143' title='bbox 1151 2267 1373 2331; x_wconf 68' lang='lat' dir='ltr'>senatus</span> 
     </span>
     <span class='ocr_line' id='line_1_25' title="bbox 166 2354 1371 2434; baseline 0.002 -18"><span class='ocrx_word' id='word_1_144' title='bbox 166 2355 429 2434; x_wconf 75' lang='lat' dir='ltr'>decrevit,</span> <span class='ocrx_word' id='word_1_145' title='bbox 457 2372 520 2417; x_wconf 87' lang='lat' dir='ltr'>ut</span> <span class='ocrx_word' id='word_1_146' title='bbox 549 2358 808 2419; x_wconf 84' lang='lat' dir='ltr'>Minerva</span> <span class='ocrx_word' id='word_1_147' title='bbox 830 2356 1037 2433; x_wconf 85' lang='lat' dir='ltr'>nostra,</span> <span class='ocrx_word' id='word_1_148' title='bbox 1064 2354 1245 2417; x_wconf 81' lang='lat' dir='ltr'>custos</span> <span class='ocrx_word' id='word_1_149' title='bbox 1272 2376 1371 2419; x_wconf 86' lang='lat' dir='ltr'>ur-</span> 
     </span>
    </p>

    <p class='ocr_par' dir='ltr' id='par_1_5' title="bbox 137 2442 1373 2613">
     <span class='ocr_line' id='line_1_26' title="bbox 137 2442 1369 2525; baseline 0.002 -22"><span class='ocrx_word' id='word_1_150' title='bbox 137 2452 140 2457; x_wconf 84' lang='grc'><em>“</em></span> <span class='ocrx_word' id='word_1_151' title='bbox 166 2443 276 2519; x_wconf 76' lang='lat' dir='ltr'>bis,</span> <span class='ocrx_word' id='word_1_152' title='bbox 289 2463 456 2522; x_wconf 81' lang='lat' dir='ltr'>quam</span> <span class='ocrx_word' id='word_1_153' title='bbox 469 2446 636 2507; x_wconf 83' lang='lat' dir='ltr'>turbo</span> <span class='ocrx_word' id='word_1_154' title='bbox 649 2444 947 2525; x_wconf 85' lang='lat' dir='ltr'>dejecerat,</span> <span class='ocrx_word' id='word_1_155' title='bbox 977 2442 1369 2506; x_wconf 81' lang='lat' dir='ltr'>restitueretur.</span> 
     </span>
     <span class='ocr_line' id='line_1_27' title="bbox 169 2527 1373 2613; baseline 0 -20"><span class='ocrx_word' id='word_1_156' title='bbox 169 2528 342 2593; x_wconf 77' lang='lat' dir='ltr'>Pansa</span> <span class='ocrx_word' id='word_1_157' title='bbox 355 2545 478 2595; x_wconf 72' lang='lat' dir='ltr'>tuas</span> <span class='ocrx_word' id='word_1_158' title='bbox 493 2531 686 2597; x_wconf 72' lang='lat' dir='ltr'>literas</span> <span class='ocrx_word' id='word_1_159' title='bbox 700 2533 977 2597; x_wconf 80' lang='lat' dir='ltr'>recitavit.</span> <span class='ocrx_word' id='word_1_160' title='bbox 1002 2550 1201 2613; x_wconf 75' lang='lat' dir='ltr'><strong>magna</strong></span> <span class='ocrx_word' id='word_1_161' title='bbox 1214 2527 1373 2595; x_wconf 69' lang='lat' dir='ltr'>sena·</span> 
     </span>
    </p>
   </div>
  </div>
 </body>
</html>
