1709 3084
395 216 515 279 194
605 197 732 259 AD
775 183 1382 258 FAMILIARES

387 311 588 357 contra
625 296 1075 374 conjurationem
1112 291 1597 356 sceleratissimam
1622 320 1643 357 ε

385 381 534 444 solus
551 382 728 442 Cassio
742 396 800 440 et
821 380 1150 461 reipublicae
1170 383 1411 459 syriam,
1436 402 1635 442 exer·

387 466 658 549 citusque,
688 470 787 546 qui
813 469 893 527 ibi
906 481 1089 543 erant,
1120 468 1423 545 conjunxi.
1482 490 1638 529 nam

384 554 491 615 nifi
505 576 610 634 ego
627 570 838 614 tantam
853 555 1141 633 pecuniam
1146 568 1259 626 ,tan
1266 569 1437 632 taque
1453 576 1638 634 prae0

387 642 542 717 fidia,
559 656 622 701 et
635 657 748 701 tam
765 639 1013 701 celeriter
1028 638 1207 698 Caffio
1218 638 1521 716 dediffem,
1548 663 1632 701 ne

385 726 545 788 ausus
563 726 782 807 quidem
797 723 929 785 esset
942 725 1021 785 ire
1036 728 1097 784 in
1110 728 1348 805 Syriam:
1374 741 1433 785 et
1450 748 1627 789 nunc

385 834 510 875 non
527 816 745 873 minora
765 811 1008 893 pericula
1030 812 1359 889 reipublicae
1374 833 1409 871 a
1424 814 1623 874 Dola-

387 900 532 962 bella
547 899 833 973 instarent,
849 917 1016 978 quam
1030 899 1099 957 ab
1114 899 1396 958 Antonio.
1428 915 1619 980 atque

387 990 523 1048 haec
545 988 734 1046 omnia
753 988 804 1045 is
827 984 957 1057 feci,
990 985 1090 1063 qui
1119 981 1321 1043 sodalis
1353 999 1415 1044 et
1433 984 1615 1046 fami·

385 1073 691 1135 {ian-illimus
715 1069 1037 1131 Dolabellae
1056 1090 1229 1146 eram,
1252 1072 1610 1148 conjunffls-

384 1161 552 1223 fimus
585 1157 852 1237 sanguine
892 1158 1205 1231 Antoniis;
1247 1159 1607 1236 provinciam

388 1266 614 1329 quoque
633 1246 859 1307 illorum
879 1241 1149 1303 beneficio
1169 1244 1474 1304 habebam.
1510 1244 1603 1305 sed

387 1327 710 1421 oeoerpt‘diz'
691 1336 823 1417 εμῆν
855 1324 1081 1416 μᾶλλον
1107 1326 1299 1411 φιλῦν,
1330 1338 1604 1397 omnibus

389 1433 528 1493 meis
543 1430 745 1491 bellum
760 1431 971 1511 primus
988 1426 1191 1488 indixi.
1236 1431 1369 1489 haec
1386 1427 1482 1488 etti
1498 1429 1601 1489 ad·

389 1520 498 1581 huc
515 1538 636 1579 non
657 1536 991 1597 magnopere
1006 1517 1139 1575 mihi
1160 1514 1335 1575 tulisse
1355 1514 1597 1576 studium

389 1604 796 1679 animadverto,
817 1618 1006 1663 tamen
1028 1612 1157 1663 'non
1187 1600 1409 1681 despero
1430 1622 1446 1659 ε
1489 1622 1597 1662 nec

387 1692 732 1771 defatigabor
746 1709 1064 1771 permanere
1079 1710 1199 1749 non
1222 1687 1393 1749 solum
1408 1689 1465 1747 in
1484 1688 1596 1749 stu-

389 1779 486 1840 dio
523 1779 813 1853 libertatis,
835 1775 925 1836 sed
942 1778 1107 1835 etiam
1126 1778 1190 1835 in
1214 1775 1395 1835 labore
1416 1790 1473 1833 et
1495 1796 1595 1856 pe·

261 1862 269 1883 *
389 1866 604 1928 riculis,
649 1878 915 1939 attamen,
938 1861 977 1921 fi
1006 1864 1171 1922 etiam
1202 1862 1385 1941 aliqua
1411 1860 1591 1939 gloria

378 1949 526 2030 justa
542 1967 598 2011 et
619 1953 812 2010 merita
832 1950 1277 2031 provocabimur,
1303 1946 1515 2007 senatus
1532 1964 1591 2009 et

387 2039 590 2118 optimi
604 2036 692 2115 cuj
701 2035 867 2116 usque
883 2036 1078 2095 officiis
1083 2036 1318 2113 ‚majore
1328 2052 1447 2095 cum
1460 2054 1591 2095 auc-

389 2120 616 2185 toritate
633 2122 778 2203 apud
801 2138 1051 2182 caeteros
1070 2125 1296 2196 erimus„
1312 2135 1367 2179 et
1382 2140 1443 2181 eo
1457 2121 1587 2199 plus

387 2210 634 2291 prodesse
668 2208 999 2289 reipublicae
1034 2210 1361 2289 poterium&
1416 2205 1590 2269 filium

385 2312 565 2373 tuum,
589 2296 658 2356 ad
681 2302 911 2356 Brutum
934 2314 1061 2356 cum
1082 2297 1236 2370 veni,
1256 2292 1437 2353 videre
1460 2312 1587 2357 non

385 2385 572 2463 potui,
603 2382 728 2443 ideo
745 2382 900 2461 quod
923 2382 1041 2460 jam
1058 2382 1116 2441 in
1138 2382 1367 2442 hiberna
1387 2398 1503 2440 cum
1524 2403 1585 2441 e·

387 2467 632 2545 quitibus
648 2483 764 2527 erat
779 2468 1080 2549 profeetus.
1104 2466 1217 2545 sed,
1240 2466 1447 2529 medius
1459 2466 1585 2529 fidi-

382 2568 476 2629 us,
492 2552 558 2613 ea
570 2552 674 2615 elie
687 2575 814 2616 eum
827 2556 1121 2637 opinione,
1136 2570 1195 2618 et
1208 2570 1324 2635 tua,
1331 2568 1389 2615 et
1404 2552 1587 2638 ipsius,
