1709 3084
521 167 740 224 EPIS
765 167 846 224 T.
886 175 1182 224 mmxua
1328 147 1441 240 '175

427 357 590 399 Mur·
613 357 672 396 C.
697 355 757 396 C·
782 355 1031 396 cassm
1062 353 1199 396 301².
1225 353 1295 397 D.

180 470 218 516 4
333 437 554 498 Vellem
571 437 752 497 idibus
769 437 989 496 Martiis
1008 455 1099 496 me
1120 436 1205 496 nd.
1221 455 1452 498 coenam

235 523 554 584 invitasses:
566 523 919 601 reliquiarum
935 522 1073 582 nihil
1086 521 1141 599 fu
1146 519 1285 583 iffet.
1296 543 1453 584 nunc

239 629 342 672 me
359 609 618 690 reliquiae
633 608 836 668 vestrae
850 624 1133 682 mercem,
1152 626 1211 668 et
1224 609 1450 689 quidem

239 712 465 777 praeter
493 712 742 757 caeteros
771 716 879 755 me.
940 715 1257 774 quanquam
1294 715 1453 774 egre·

239 783 372 860 gios
401 781 657 843 consules.
685 783 965 856 habemus,
998 780 1083 840 sed
1121 781 1450 861 turpiffimos

239 867 591 943 consulares3
625 865 873 928 senatum
894 866 1121 942 fortem,
1142 865 1231 926 sed
1252 867 1450 928 infimo

239 973 526 1034 quemque
552 958 770 1014 honore
804 953 1167 1014 fortiffimum.
1235 955 1449 1032 populo

239 1057 386 1101 vero
399 1041 540 1102 nihil
553 1039 776 1110 fortius,
791 1038 933 1098 nihil
946 1037 1165 1114 melius,
1178 1039 1451 1118 Italiaque

240 1127 522 1188 universa.
544 1126 684 1186 nihil
697 1141 879 1185 autem
895 1125 1111 1186 foedius
1126 1124 1379 1206 Philippo
1392 1141 1451 1186 et

241 1213 446 1275 Pisone
459 1213 674 1292 legatie,
695 1212 838 1272 nihil
849 1209 1185 1290 flagitiosius:
1210 1214 1307 1291 qui
1323 1231 1449 1274 cum

241 1297 420 1360 ess‘ent
433 1300 588 1374 miffi,
611 1316 674 1358 ut
695 1302 955 1360 Antonio
974 1319 1048 1358 ex
1077 1297 1294 1358 senatus
1322 1297 1447 1359 stn-

242 1389 424 1446 tentia
435 1401 610 1446 certas
631 1407 718 1445 res
735 1388 1080 1446 nuntiarent=
1106 1404 1231 1444 cum
1244 1385 1339 1444 ille
1352 1405 1446 1445 ea·

239 1493 370 1534 rum
386 1493 563 1535 rerum
577 1473 718 1532 nulli
731 1471 1004 1552 paruisset,
1013 1472 1165 1532 ultro
1178 1475 1247 1533 ab
1261 1471 1361 1533 illo
1376 1471 1447 1534 ad

240 1579 356 1620 nos
373 1558 734 1620 intolerabilia
759 1557 1026 1638 postulata
1040 1558 1363 1618 retulerunt.
1396 1560 1447 1618 i·

241 1663 410 1726 taque
433 1644 502 1705 ad
521 1666 628 1706 nos
658 1646 1045 1706 concurritur:
1069 1643 1303 1723 faetique
1325 1644 1446 1721 jam

238 1735 306 1794 in
337 1753 397 1792 re
425 1731 640 1792 salutari
670 1731 965 1811 populares
994 1727 1201 1789 sumus,
1254 1726 1346 1788 sed
1384 1745 1445 1789 tu

239 1818 381 1901 quid
411 1839 620 1896 ageres,
648 1817 786 1898 quid
813 1821 1062 1892 aeturus,
1091 1818 1189 1876 ubi
1208 1814 1449 1894 denique

239 1904 401 1982 effes»,
422 1903 742 1965 nesciebam.
779 1903 925 1964 fama
954 1905 1249 1964 nuntiabat
1274 1918 1331 1961 te
1352 1901 1447 1962 iffe

240 1994 306 2054 in
329 1995 571 2072 Syriamz
596 1995 786 2051 auftor
797 2006 918 2050 erat
931 2011 1122 2050 nemo.
1165 1990 1233 2049 de
1248 1995 1447 2062 Brute,

241 2099 362 2160 quo
377 2079 606 2160 propius
627 2076 726 2152 est,
740 2099 809 2138 eo
829 2075 1075 2138 firmiora
1086 2075 1351 2137 videntur
1362 2072 1447 2136 es·
1550 2119 1557 2126 -

239 2165 300 2226 se
329 2185 470 2245 quae
483 2165 835 2224 nuntiantur.
867 2161 1157 2222 Dolabella
1172 2160 1335 2221 valde
1355 2162 1447 2220 vi·

239 2253 592 2334 tuperabatur
619 2253 687 2310 ab
717 2251 1033 2310 hominibus
1061 2267 1183 2306 non
1210 2243 1449 2323 iusuIfiS,

239 2340 399 2418 quod
413 2339 514 2398 tibi
529 2353 640 2396 tam
657 2339 772 2396 cito
785 2334 1115 2406 succederet,
1129 2353 1253 2395 cum
1268 2348 1329 2396 tu
1345 2334 1447 2394 vix

240 2426 374 2486 dum
394 2426 622 2502 triginta
637 2423 828 2483 diesin
845 2422 997 2498 Syria
1010 2417 1213 2483 fixisses.
1260 2421 1446 2498 itaque

209 2573 220 2582 ,
241 2510 549 2588 constabat,
570 2530 694 2572 eum
717 2509 885 2587 recipi
914 2509 973 2566 in
996 2507 1207 2587 Syriam
1230 2525 1349 2567 non
1377 2525 1445 2571 ο·
