1709 3084
527 157 849 216 EPIST.
904 169 1179 216 Lunx.
1398 167 1445 230 9

233 255 440 315 (Ζοέἱὶο
455 255 592 312 mihi
606 268 822 330 gratum
837 253 932 313 est.
951 275 1081 314 nam
1098 251 1155 311 id
1170 254 1331 314 etiam
1342 257 1445 314 At-

233 344 356 403 tico
374 337 716 399 mandaram.
755 355 816 398 tu
831 337 873 398 fi
884 342 1071 398 minus
1088 337 1158 396 ad
1180 358 1288 398 nos
1305 363 1323 410 3
1349 359 1449 406 ac·‚

231 444 524 486 curremus
538 423 608 484 ad
623 440 700 485 te.
730 423 770 484 fi
785 429 1011 486 hortum
1030 427 1095 486 in
1116 425 1445 488 bibliotheca

229 513 430 589 habes,
449 511 623 572 deerit
637 510 800 572 nihil.
847 511 991 572 vale.

522 701 782 742 menno
823 700 1179 744 vantom-

331 767 480 826 Mihi
493 789 628 830 veto
642 769 712 828 ad
727 774 887 829 Non.
912 770 1053 829 bene
1064 785 1341 832 maturum
1354 772 1443 830 vi·

239 853 406 914 detur
419 852 559 928 fore,
583 875 768 934 neque
781 852 957 914 solum
972 869 1199 935 propter
1220 857 1443 936 reipub-

237 939 378 998 licae
389 981 410 1014 ‚
457 937 548 1000 sed
575 943 742 1000 etiam
772 955 1001 1020 propter
1037 942 1173 998 anni
1198 955 1441 1022 tempus.

240 1045 412 1104 quare
428 1023 572 1086 diem
592 1025 750 1086 istum
771 1028 975 1106 probo.
998 1025 1186 1105 itaque
1206 1027 1443 1088 eundem

237 1108 358 1190 ipse
373 1108 582 1190 sequar.
607 1111 820 1172 confini
837 1109 1035 1185 nostri,
1059 1131 1131 1170 ne
1144 1109 1183 1172 fi
1196 1132 1293 1172 eos
1316 1113 1441 1192 qui-

237 1197 392 1271 dem,
417 1197 593 1276 quiid
609 1197 777 1257 secuti
793 1217 911 1256 non
928 1195 1075 1273 sunt,
1098 1217 1219 1257 non
1242 1200 1445 1280 poeni·

239 1297 408 1360 teret,
421 1285 583 1344 nobis
597 1283 991 1364 poenitendum
1006 1298 1274 1364 putarem.
1290 1283 1445 1344 secu·

240 1370 290 1428 ti
322 1371 470 1429 enim
498 1367 680 1428 sumus
707 1389 827 1429 non
847 1367 1016 1449 spem,
1048 1368 1137 1430 sed
1164 1369 1431 1430 officium.

243 1454 570 1533 reliquimus
595 1471 778 1515 autem
793 1476 913 1514 non
932 1455 1195 1528 officium,
1227 1453 1319 1515 sed
1344 1453 1443 1514 de-

241 1537 629 1619 sperationem.
671 1543 752 1601 ita
770 1539 1193 1602 verecundiores
1216 1539 1447 1615 fuimus,

243 1628 418 1705 quim
426 1625 778 1706 qui,sedomo
785 1647 907 1686 non
918 1641 1361 1686 commoveruntt
1370 1623 1449 1685 sa·

243 1713 625 1790 niore8,quam
639 1715 760 1794 qui,
774 1713 969 1774 aminis
986 1714 1151 1792 opibu
1158 1732 1205 1787 ³,
1214 1709 1445 1774 domum

245 1817 370 1858 non
407 1815 769 1860 reverterunt.
807 1798 899 1859 sed
928 1799 1069 1858 nihil
1088 1799 1273 1858 minus
1294 1797 1439 1872 fero,

243 1903 413 1963 quam
429 1883 764 1945 severitatem
779 1883 1083 1946 otiosorum
1099 1908 1115 1944 ε
1128 1901 1203 1958 et,
1211 1903 1443 1964 quoquo

245 1969 419 2030 modo
434 1969 486 2030 se
501 1991 588 2030 res
601 1973 845 2046 haberet,
878 1973 1051 2048 magis
1071 1971 1201 2030 illos
1226 1989 1445 2045 ventor,

245 2057 420 2135 quiin
433 2056 580 2116 bello
599 2055 941 2130 occiderunt,
965 2077 1130 2135 quam
1152 2058 1257 2114 hos
1276 2074 1443 2130 curo,

247 2142 448 2219 quibus
478 2161 597 2200 non
626 2139 1007 2215 satisfacimus,
1028 2144 1159 2220 quia
1178 2142 1443 2201 vivimus-

248 2227 382 2296 mihi
396 2226 435 2286 fi
451 2225 684 2307 spatium
698 2226 862 2297 fuerit
876 2228 938 2287 in
949 2225 1327 2286 Tusculanum
1342 2245 1445 2284 an-

245 2327 304 2373 te
333 2317 530 2372 Nonas
553 2313 837 2404 yeniepfii,
876 2312 989 2372 istic
1027 2328 1083 2372 te
1112 2311 1329 2372 videbo,
1361 2309 1445 2370 fin

245 2400 454 2473 minus,
479 2397 768 2478 persequar
788 2401 849 2458 in
876 2405 1216 2459 Cumanum=
1241 2413 1295 2456 et
1316 2413 1445 2456 ante

245 2498 302 2548 te
317 2485 610 2552 certiorem
620 2485 842 2559 faciam,
857 2501 922 2543 ut
934 2485 1143 2548 lavatio
1154 2498 1343 2565 parata
1355 2480 1445 2544 fit,
