1709 3084
446 89 490 100 ρ.-

434 163 483 222 E
508 165 548 218 P
572 164 760 218 IST.
804 177 951 220 mn.
975 178 1126 220 xxv.
1235 177 1354 240 333

157 271 273 318 unt
284 257 346 318 in
362 271 601 317 mentem
614 259 777 316 haec.
806 263 1016 316 Romae
1032 277 1136 316 vos
1153 253 1255 314 effe
1271 272 1362 317 tu·

156 360 225 404 to
266 341 415 424 poss'e
442 363 540 422 per
566 341 934 415 Dolabellam,
979 361 1208 422 eamque
1243 364 1359 404 rem

148 425 309 512 poffe
324 429 487 488 nobis
518 427 845 506 adjumento
860 425 980 501 esst,
1023 425 1060 488 fi
1083 447 1220 506 quae
1241 423 1356 504 vis,

144 530 257 580 aut
293 513 333 576 fi
370 533 511 592 quae
538 515 763 594 rapinae
786 511 903 572 fieri
923 514 1224 592 coeperint.
1270 510 1361 574 sed

144 597 341 664 sursus
362 598 500 658 illud
519 619 609 658 me
623 614 835 672 movet,
867 595 1033 678 quod
1041 599 1206 658 video
1236 619 1361 662 om·

150 708 259 746 nes
283 688 465 749 bonos
483 683 653 744 abeffe
680 686 882 759 Roma,
905 700 964 743 et
985 705 1082 745 eos
1098 684 1356 746 mulieres

145 771 279 838 fixas
298 771 471 832 secum
488 773 701 831 habere.
748 773 882 830 haec
903 787 1084 830 autem
1110 770 1283 848 regie,
1297 773 1357 832 in

152 879 271 938 qua
288 878 391 936 ego
415 855 553 957 sum?
568 855 882 916 nostrorum
897 855 970 916 est
986 875 1108 914 cum
1125 855 1360 936 oppido-

151 963 305 1015 rum,
328 958 447 1001 tum
468 942 631 1001 etiam
647 942 1028 1024 praediorum·
1059 957 1123 1002 ut
1145 957 1200 1001 et
1216 941 1356 1002 mul·

152 1045 279 1089 tum
297 1027 401 1087 effe
414 1048 653 1102 mecum,
676 1043 753 1102 et,
775 1047 901 1087 cum
923 1027 1186 1100 abieritis„
1203 1047 1358 1086 com-

153 1115 325 1180 mode
339 1131 397 1174 et
418 1114 481 1174 in
497 1111 695 1184 nostris
708 1111 811 1183 ess'e
826 1111 1055 1193 poffitis.
1089 1113 1224 1170 mihi
1239 1111 1358 1192 pla·

150 1223 231 1266 ne
248 1221 368 1263 non
384 1198 511 1260 satis
526 1197 739 1261 constat
754 1197 954 1274 adhuc,
967 1212 1148 1259 utrum
1163 1193 1228 1258 fit
1245 1218 1358 1259 me-

146 1287 292 1352 lius.
316 1306 425 1346 vos
448 1285 652 1359 videte,
690 1283 826 1366 quid
857 1283 993 1346 aliae
1013 1281 1222 1344 faciant
1255 1283 1359 1346 isto

154 1373 289 1434 loco
303 1370 603 1446 foeminae,
618 1386 674 1430 et
696 1393 790 1446 ne,
814 1391 936 1433 cum
966 1369 1174 1444 velitis,
1211 1371 1361 1430 exire

154 1480 283 1524 non
304 1458 489 1518 liceat.
508 1457 565 1518 id
576 1456 745 1520 velim
759 1455 1052 1534 diligenter
1087 1457 1251 1514 etiam
1275 1471 1374 1530 at·—

155 1565 273 1625 que
283 1546 445 1608 etiam
466 1540 773 1619 vobiscum,
795 1557 851 1600 et
881 1561 1006 1603 cum
1019 1541 1206 1602 amicis
1223 1561 1360 1600 con·

155 1630 432 1692 fideretis.
502 1630 703 1689 domus
739 1643 803 1690 ut
835 1625 1248 1708 propugnacula
1303 1641 1361 1688 et

153 1715 479 1798 praesidium
496 1718 709 1791 habeat,
725 1714 1021 1778 Philotimo
1042 1710 1260 1773 dicetis·
1305 1726 1363 1772 et

157 1802 328 1862 velim
372 1801 685 1862 tabellarios
733 1799 1028 1863 instituatis
1073 1814 1278 1898 cert083
1296 1812 1360 1881 ιιι

159 1886 411 1968 quotidie
424 1887 649 1989 ‘aliquas
676 1907 707 1944 a
727 1888 888 1944 vobis
933 1884 1118 1942 literas
1163 1885 1361 1964 accipi·

160 1995 275 2036 am.
294 1974 528 2038 maxime
544 1988 727 2034 autem
747 1972 870 2032 date
886 1989 1110 2054 operam
1137 1983 1200 2027 ut
1213 1969 1361 2030 vale·

163 2061 297 2135 atis,
312 2057 371 2118 fi
378 2079 484 2120 nos
507 2059 678 2120 vultis
700 2057 904 2118 valere.
959 2077 980 2118 1
999 2076 1042 2114 x
1069 2054 1185 2115 kal.
1220 2062 1359 2114 For-

160 2166 315 2206 mus.

287 2336 360 2381 Μ.
399 2335 469 2376 τ.
504 2335 564 2377 e.
617 2327 1140 2394 TERENTnEJ.
1179 2331 1244 2372 o.

91 2400 145 2451 ¹9
254 2409 324 2462 In
334 2402 596 2464 maximis
625 2403 761 2462 mels
780 2398 1070 2460 doloribus
1086 2397 1364 2462 excruciat

160 2507 253 2550 me
266 2487 531 2550 valetudo
555 2486 779 2548 Tulliae
790 2483 1030 2548 nostrae.
1071 2483 1140 2544 de
1155 2502 1264 2561 qua
1276 2483 1364 2542 niv
