1709 3084
169 169 176 174 ’
272 185 350 232 12
483 169 1245 229 ADFAMILIARES

265 287 403 329 num
418 267 697 324 hominem
713 263 848 324 duxi
863 288 879 325 ε
912 281 1031 327 tum
1048 267 1199 347 quod
1220 268 1307 328 his
1326 281 1465 330 tem·

266 351 558 434 pestatibus
573 371 631 410 es
649 372 821 431 prope
841 350 987 412 solus
1012 355 1073 412 in
1097 369 1287 435 portu,
1316 353 1466 414 fruc-

267 437 462 518 tusque
475 437 756 520 doetrinae
772 441 1003 518 percipis
1018 461 1137 516 eos,
1164 443 1264 520 qui
1288 443 1467 500 maxi-

267 528 345 588 mi
369 522 515 598 sunt,
547 538 610 582 ut
624 545 687 582 ea
709 524 1039 601 confideres,
1060 545 1229 604 eaque
1246 532 1467 602 tractes,

205 609 209 614 ’
267 631 508 690 quorum
525 624 579 669 et
595 607 806 684 usus,et
821 610 1107 670 delectatio
1122 611 1195 671 est
1210 613 1471 671 omnibus

267 697 495 757 istorum
509 711 566 754 et
581 698 732 770 neiis,
761 711 816 754 et
838 696 1216 776 voluptatibus
1236 711 1472 777 antepo-

267 782 474 845 nenda.
499 780 751 859 equidem
767 784 870 840 hos
890 797 1017 842 tuos
1034 779 1473 844 Tusculanenses

270 863 390 930 dice
421 865 588 926 instar
616 865 717 926 esse
747 869 893 927 vitae
921 885 1089 948 puto:
1130 869 1475 949 libenterque

271 955 535 1016 omnibus
552 973 746 1013 omnes
763 974 898 1033 opes
914 953 1284 1030 concess'erim,
1298 971 1361 1015 ut
1375 957 1475 1015 mi-

273 1043 332 1102 hi
347 1041 533 1115 liceat,
561 1040 620 1100 vi
638 1040 790 1099 nulla
803 1041 1207 1122 interpellante,
1240 1040 1341 1102 isto
1357 1063 1475 1104 mo·

274 1125 351 1186 do
367 1128 570 1187 vivere.
619 1126 772 1206 quod
798 1147 905 1186 nos
920 1145 1144 1206 quoque
1175 1130 1474 1206 imitamur,

275 1227 342 1272 ut
357 1211 658 1293 poffumu8‚
694 1228 749 1271 et
782 1214 841 1272 in
860 1211 1058 1272 nostris
1084 1212 1271 1273 studiis
1298 1215 1474 1274 liben-

275 1299 468 1358 tissime
501 1296 959 1376 conquiescimus.
1015 1301 1139 1379 quis
1180 1301 1330 1360 enim
1368 1304 1477 1362 hoc

275 1404 398 1446 non
421 1383 631 1443 dederit
647 1385 830 1459 nobis,
845 1399 934 1460 ut,
948 1384 1075 1446 cum
1100 1387 1271 1466 opera
1292 1385 1477 1446 nostra

278 1471 458 1554 patria
485 1467 742 1534 five'non
761 1471 919 1550 possit
940 1474 1043 1546 uti,
1074 1469 1179 1532 five
1206 1472 1371 1548 nolit,
1409 1469 1480 1532 ad

277 1575 399 1616 eam
414 1556 584 1615 vitam
604 1571 961 1632 revertamur,
978 1577 1143 1636 quam
1158 1559 1318 1618 multi
1332 1557 1481 1618 docti

277 1643 554 1716 homines,
590 1640 808 1702 fortasse
834 1662 955 1702 non
982 1648 1143 1718 reste,
1180 1641 1269 1703 sed
1294 1659 1480 1704 tamen

277 1727 464 1802 multi,
493 1729 659 1787 etiam
689 1728 1021 1808 reipublicae
1036 1729 1482 1808 praeponendam

279 1815 655 1895 putaverunt?
703 1833 844 1891 quae
864 1815 1032 1892 igitur
1054 1813 1225 1874 studia
1244 1836 1480 1894 magno·

277 1920 405 1959 rum
421 1901 706 1958 hominum
723 1896 995 1958 sententia
1006 1903 1363 1962 vacationem
1381 1905 1479 1962 ha·

279 1988 416 2046 berit
443 1986 610 2043 etiam
637 1983 844 2063 publici
867 1988 1130 2046 muneris.
1156 1987 1249 2062 iis,
1284 2006 1481 2048 conce-

275 2069 448 2130 dente
470 2069 768 2148 republica,
791 2091 890 2130 cur
906 2091 1025 2131 non
1040 2074 1365 2132 abutamur?
1394 2073 1483 2134 sed

281 2155 407 2236 plus
429 2153 594 2230 facie,
615 2175 784 2234 quarn
806 2159 1077 2218 Caninius
1100 2158 1408 2219 mandavit.
1434 2162 1483 2221 is

275 2243 452 2315 enim,
477 2240 517 2301 si
537 2240 674 2322 quid
694 2263 802 2320 ego
823 2241 1033 2318 scirem,
1066 2259 1307 2320 rogarat,
1331 2244 1486 2324 quod

277 2321 348 2386 'tu
371 2323 598 2386 nescires
614 2348 633 2386 ε
672 2348 778 2406 ego
807 2329 911 2386 tibi
932 2349 997 2386 ea
1024 2348 1215 2404 narro,
1248 2349 1393 2409 quae
1421 2346 1485 2392 tu

281 2411 479 2474 melius
494 2410 619 2488 scis,
638 2433 803 2492 quam
818 2412 951 2494 ipse,
962 2416 1059 2494 qui
1076 2435 1265 2475 natm.
1282 2413 1483 2478 faciam

285 2518 419 2582 ergo
433 2498 592 2580 illud,
614 2499 768 2583 quod
781 2515 1015 2582 rogatus
1023 2498 1162 2582 sum,
1184 2517 1247 2564 ut
1266 2520 1482 2582 eorum,
