1709 3084
331 201 464 263 350
551 187 678 245 An
721 188 830 250 ι’,Α
855 139 1325 246 munus

327 304 452 343 mea
475 282 644 345 castra
663 282 766 343 effe
780 299 1099 343 venturum.
1130 283 1297 361 cujus
1309 300 1419 358 ego
1432 279 1547 343 stu·

329 368 426 431 dio
441 370 740 449 officquue
751 385 1091 443 commotus,
1114 372 1201 446 egi
1216 370 1265 428 ei
1282 388 1382 448 per
1416 368 1547 429 lite-

329 476 421 517 ras
435 459 658 535 gratiasz
684 456 850 536 idque
866 472 928 515 ut
943 470 1261 530 maturaret,
1280 458 1547 516 hortatus

329 540 470 603 sum.
517 560 646 611 cum
659 558 842 604 autem
855 542 929 601 ad
943 539 1187 619 Cybistra
1200 557 1437 621 propter
1454 563 1551 601 ra·

331 630 542 689 tionem
557 629 682 689 belli
695 632 943 709 quinque
956 628 1073 697 dies
1084 626 1242 687 effem
1258 643 1557 704 moratus,

331 733 514 793 regem
531 714 1088 791 Ariobarzanem,qu
1096 736 1159 773 us
1174 710 1411 775 salutem
1422 735 1457 773 a
1472 713 1549 775 se-

329 816 548 875 natu,te
561 805 778 863 auctore
783 800 1241 875 ,commendatam
1250 802 1547 876 habebam,

333 886 706 971 praesentibus
721 886 927 949 infidiis
944 906 1047 947 nec
1060 888 1389 965 opinantem
1404 885 1557 947 libe-

334 976 475 1035 ravi·
499 994 680 1053 neque
703 971 877 1035 solum
890 976 956 1033 ei
962 970 1121 1033 saluti
1136 971 1241 1047 fui,
1262 970 1354 1031 sed
1372 973 1548 1035 etiam

335 1061 548 1136 curavi,
561 1074 626 1120 ut
641 1081 766 1121 cum
781 1060 1103 1121 austoritate
1118 1073 1401 1137 regnaret.
1420 1064 1551 1119 Me
1566 1098 1573 1107 ·

336 1162 502 1221 tram,
529 1161 588 1207 et
608 1166 758 1223 eum,
777 1166 947 1226 quem
986 1160 1045 1205 tu
1075 1145 1372 1223 diligenter
1406 1145 1557 1207 mibi

335 1232 776 1307 commendatas,
800 1236 1171 1305 Athenaeum,
1203 1232 1550 1313 importuni-

337 1336 450 1383 tate
471 1318 800 1381 Athenaidis
841 1318 1016 1379 exilio
1044 1275 1334 1394 mustatos,
1364 1320 1553 1379 maxi·

338 1404 577 1487 maapud
588 1427 772 1485 regem
781 1406 1105 1467 auetoritate
1112 1409 1396 1485 gratiaque
1406 1425 1554 1467 eon·
1564 1464 1571 1472 ,

339 1492 504 1555 stitui.
551 1512 787 1573 cumque
806 1513 1073 1571 magnum
1088 1490 1325 1553 bellum
1308 1512 1371 1553 ιιι
1394 1498 1553 1573 Cap·

337 1578 570 1661 padocia
589 1582 981 1654 concitaretur,
1010 1576 1051 1638 fi
1084 1574 1339 1641 sacerdos
1374 1581 1561 1641 armi&

339 1664 416 1739 se,
439 1665 592 1745 quod
604 1665 844 1725 fasturus
868 1667 1181 1745 putaImtur,
1198 1663 1561 1743 defenderet,

340 1749 655 1815 adolescens
669 1767 728 1812 et
737 1752 1010 1832 equitatu,
1020 1767 1077 1811 et
1090 1750 1360 1832 peditatu,
1370 1767 1433 1811 et
1448 1773 1550 1832 pe-

341 1840 508 1902 cunia
519 1854 762 1921 paratus,
775 1854 832 1899 et
847 1852 975 1899 toto
988 1840 1081 1914 iis,
1096 1838 1195 1917 qui
1222 1839 1426 1899 novari
1442 1838 1553 1899 ali-

341 1925 479 2006 quid
507 1924 771 1987 volebant
790 1948 808 1985 2
845 1922 1073 2007 perfeci,
1092 1938 1157 1984 ut
1185 1944 1219 1983 e
1240 1944 1423 2005 regno
1452 1925 1553 1987 ille

341 2008 663 2089 discederet,
689 2032 899 2092 rexque
920 2008 1033 2071 fine
1056 2010 1317 2087 tumultu,
1343 2032 1408 2072 ae
1430 2008 1551 2073 fine

343 2101 536 2175 annis,
555 2102 714 2161 omni
729 2099 1053 2159 aneton-itate
1068 2098 1220 2157 aulae
1234 2100 1553 2161 communi·

343 2202 426 2265 ta,
439 2206 670 2266 reguum
684 2205 810 2247 eum
825 2184 1096 2264 dignitate
1108 2183 1408 2247 obtineret.
1455 2187 1557 2247 in«

343 2289 492 2341 terea
525 2274 770 2352 cognovi
811 2271 1116 2333 multorum
1156 2269 1332 2331 literis
1378 2286 1553 2353 atque

343 2358 580 2433 nuntiis,
602 2378 828 2434 magnas
845 2360 1174 2419 Parthorum
1189 2357 1379 2437 copias
1394 2374 1453 2417 et
1470 2365 1553 2418 A.-

343 2444 542 2501 rabum
550 2442 626 2504 ad
641 2442 915 2522 oppidum
932 2445 1291 2506 Antiochiam
1310 2443 1553 2505 aceessirs·

341 2524 420 2605 se,
436 2544 806 2609 magnumque
820 2548 1017 2595 eorum
1026 2530 1475 2613 equitatumqui
1490 2531 1557 2597 in
