1709 3084
429 133 756 193 EPIST.
793 149 1095 194 mmxu.
1242 151 1357 214 195

123 244 202 290 et
218 231 292 290 in
307 227 511 312 primis
531 249 652 290 mea
666 227 822 290 causa
841 230 1083 308 gaudeo.
1114 227 1299 292 fratris
1315 251 1375 292 e·

128 319 280 376 nim
295 317 434 376 loco
449 317 584 376 mihi
603 314 699 391 est,
723 318 909 396 quiex
932 331 987 376 te
1002 331 1191 391 natus,
1215 331 1378 398 teque

129 403 374 488 diguus
387 401 482 463 est.
500 401 640 462 vale.
661 421 702 462 1>
714 445 731 463 .
753 423 844 464 ιν.
857 402 973 462 kal.
987 410 1101 482 Jun
1116 447 1132 464 .
1145 410 1365 484 Pergae.

145 595 220 637 Ρ.
273 595 662 638 ιΕΝ-τυιυε
699 595 761 636 ι».
798 595 856 635 r.
904 595 984 638 1³2
1002 594 1373 654 OQUAEST'.

221 681 486 724 exora.
511 681 702 724 coss».
723 680 1035 724 PRAETT.
1058 683 1307 726 Turn.

363 768 474 810 ιη..
501 768 655 810 εΕΝ.
676 768 734 808 1³.
762 767 821 825 Q
848 769 917 810 R.
938 771 997 810 ·s.
1020 769 1079 811 Ρ.
1104 769 1171 830 D.

62 864 82 897 ι
99 867 132 910 5
249 835 310 894 Si
331 834 552 910 valetis,
575 835 843 914 liberique
863 834 1027 894 vestri
1042 833 1257 913 valent,
1276 838 1373 898 be-

155 943 238 982 ne
279 919 358 981 est
378 944 396 981 ε
441 941 548 999 ego
577 921 759 983 valeo.
828 919 1023 982 scelere
1058 922 1376 984 Dolabellae

158 1005 420 1089 oppress'a
435 1005 584 1084 Alia,
611 1010 674 1067 in
690 1010 1004 1088 proximam
1025 1010 1375 1087 provinciam

159 1093 578 1169 Macedoniam,
614 1092 983 1175 praesidiaque
1011 1095 1376 1176 reipublicae,

161 1200 314 1264 quae
329 1186 414 1240 M.
431 1185 658 1256 Brutus„
669 1183 759 1242 vir
774 1180 1088 1242 elarissimus
1095 1225 1115 1259 ,
1128 1184 1375 1259 tenebat,

162 1266 517 1337 mecontuliz
543 1282 598 1327 et
613 1267 669 1327 id
685 1268 794 1344 egi,
817 1282 904 1342 ut,
931 1289 1029 1348 per
1042 1288 1185 1348 quos
1203 1268 1374 1330 celer-

165 1357 308 1414 rime
321 1349 558 1434 pollent,
581 1352 708 1414 Afia
722 1356 1035 1434 provincia,
1062 1357 1374 1436 veffigalia·

167 1441 363 1522 quein
378 1437 606 1500 vestram
627 1438 948 1522 potestatem
972 1441 1371 1519 redigerentur.

167 1523 330 1607 quod
351 1546 476 1588 cum
499 1525 853 1607 pertimuiss'et
868 1526 1179 1605 Dolabella,
1204 1545 1261 1589 et
1274 1550 1374 1589 va·

172 1613 310 1674 stata
338 1614 658 1692 provincia,
698 1615 965 1693 correptis
994 1615 1375 1692 vectigalibus,

173 1699 457 1780 praecipue
472 1701 682 1760 civibus
699 1702 967 1759 Romanis
977 1702 1237 1760 omnibus
1248 1722 1376 1761 cru-

173 1784 422 1848 delissime
457 1785 750 1844 denudatis
779 1807 840 1845 ac
873 1785 1172 1845 divenditis
1193 1830 1213 1861 ‚
1236 1787 1375 1848 cele-

177 1874 292 1932 rius
310 1871 433 1932 Afia
447 1869 756 1946 exceffiss'et,
781 1893 946 1951 quam
969 1893 1037 1932 eo
1051 1871 1372 1953 praefidium

177 1957 365 2018 adduci
380 1957 659 2038 potuiffet;
690 1958 899 2018 diutius
914 1962 1138 2035 morari,
1161 1976 1256 2020 aut
1272 1981 1375 2020 ex-

179 2049 384 2124 perstare
406 2043 722 2124 praesidium
745 2065 867 2104 non
884 2044 1089 2106 necesse
1105 2047 1291 2107 habuit
1317 2062 1379 2130 ets.

181 2151 340 2210 quam
356 2132 596 2210 primum
613 2130 682 2190 ad
706 2152 893 2192 meum
920 2129 1163 2192 officium
1188 2151 1375 2193 rever-

186 2215 403 2276 tendum
425 2218 560 2276 mihi
585 2215 686 2276 effe
717 2215 1046 2293 existimavi,
1074 2233 1140 2276 ut
1169 2234 1225 2277 et
1248 2219 1375 2278 reli·

187 2324 291 2382 qua
305 2303 582 2380 veeligalia
598 2305 894 2381 exigerem,
918 2320 995 2378 et,
1019 2325 1183 2383 quam
1200 2303 1375 2384 depo-

187 2386 266 2449 sui
293 2391 600 2469 pecuniam‚
622 2389 971 2466 colligerem:
1005 2390 1273 2469 quidquid
1303 2411 1379 2453 ex

188 2494 250 2538 ea
263 2491 574 2558 correptum
593 2474 744 2552 esset,
767 2491 863 2534 aut
877 2495 1117 2556 quorum
1137 2477 1195 2537 id
1217 2477 1380 2560 culp'a‘.

737 2567 845 2642 13
