1709 3084
449 126 524 186 Ἐ
545 127 696 186 sz
717 127 802 186 T.
843 143 989 188 nn.
1013 143 1145 187 κη.
1286 143 1399 202 171
1504 189 1513 198 ,

189 220 438 286 fecimus
469 221 528 282 id
557 222 801 302 quidem,
831 224 1174 302 temporibus
1204 223 1406 284 ceden-

201 324 314 385 tes,
337 327 479 387 quae
491 309 680 370 valent
693 311 750 368 in
769 309 1047 390 republica
1070 309 1403 388 plurimum:

183 394 296 455 -sed
311 395 664 456 immoderate
685 396 905 476 quidam
922 411 979 456 et
992 397 1209 474 ingrate
1225 394 1409 456 nostra

201 481 464 542 facilitate
477 484 797 542 abutuntur.
849 477 1043 542 verum
1058 485 1193 542 hacc
1208 501 1409 562 prope·

203 567 377 641 diem,
399 582 456 626 et
477 569 648 626 multa
670 568 775 627 alia
796 588 1005 628 coram.
1049 570 1275 628 interim
1308 589 1406 629 ve·

201 653 306 714 lim
321 652 392 712 fic
410 655 508 713 tibi
525 651 868 734 persuadeas,
890 656 1025 714 mihi
1040 676 1165 714 cum
1188 656 1407 734 reipub·

201 739 534 818 licae‚quam
552 737 756 820 semper
769 742 933 800 habui
946 741 1409 818 cariffimam,tum

204 829 420 886 amoris
436 825 606 886 nostri
629 824 808 901 causa,
828 826 1102 886 maximae
1122 847 1282 888 curae
1304 825 1408 889 effi.-

205 927 360 974 tuam
375 910 724 992 dignitatem.
749 910 822 972 da
834 933 1059 994 operam
1072 929 1137 974 ut
1154 914 1365 974 valeas.

376 1106 448 1147 Μ.
481 1107 544 1149 τ.
579 1106 640 1147 c.
678 1106 736 1146 c.
759 1105 999 1148 casalo
1029 1107 1077 1146 ε.
1099 1105 1157 1146 1³.
1188 1105 1253 1148 n.

150 1197 186 1234 2
296 1175 667 1234 Vehementer
693 1172 896 1248 laetor,
918 1174 1019 1232 tibi
1041 1173 1265 1254 probari
1288 1169 1409 1234 sen·

207 1262 442 1320 tentiam
457 1276 514 1320 et
529 1262 840 1321 orationem
853 1280 1033 1320 meam
1051 1281 1071 1334 ;
1098 1279 1207 1339 qua
1226 1258 1266 1319 fi
1291 1257 1407 1320 sae·

208 1349 338 1429 pius
353 1346 660 1422 milicem,
682 1346 818 1406 nihil
835 1343 964 1406 effet
986 1347 1219 1426 negotii,
1247 1346 1412 1407 liber·

209 1447 384 1492 tatem
418 1448 474 1492 ct
511 1432 895 1514 rempublicam
928 1452 1264 1512 recuperare.
1322 1430 1412 1492 scd

207 1521 384 1579 homo
415 1539 601 1578 amens
625 1534 680 1579 et
710 1519 981 1600 perditus,
1003 1517 1291 1598 multoque
1310 1539 1411 1578 ne·

209 1607 400 1686 quior,
424 1625 586 1684 quam
603 1605 695 1664 ille
718 1603 852 1682 ipse,
876 1625 1039 1682 quem
1064 1619 1125 1662 tu
1155 1603 1413 1681 nequissi-

209 1709 366 1750 mum
382 1689 618 1750 occisum
633 1687 736 1750 else
753 1689 953 1764 dixisti,
977 1689 1159 1748 caedis
1189 1689 1412 1749 initium

211 1778 456 1857 quaerit:
482 1776 794 1855 nullamque
809 1775 968 1835 aliam
992 1777 1066 1834 ob
1090 1773 1302 1834 causam
1325 1795 1415 1839 me

209 1867 490 1923 auctorem
503 1861 658 1920 fuiss'e
671 1857 915 1920 Caesaris
930 1859 1292 1920 interficiendi
1308 1862 1415 1920 cri-

210 1951 478 2024 minatur,
502 1947 604 2007 nifi
630 1963 692 2007 ut
717 1950 776 2006 in
799 1969 887 2007 me
902 1948 1151 2008 veterani
1173 1947 1412 2008 inciten-

215 2049 331 2095 tur.
371 2034 523 2113 quod
545 2055 648 2112 ego
680 2033 983 2114 periculum
1013 2055 1133 2092 non
1159 2030 1416 2093 extimes·

215 2141 312 2196 co,
333 2121 502 2181 modo
527 2118 688 2180 vestri
720 2119 848 2178 facti
878 2118 1109 2196 gloriam
1145 2139 1267 2178 cum
1299 2138 1419 2178 mea

215 2206 379 2268 laude
395 2208 787 2268 communicet.
804 2209 880 2266 ita
898 2227 1001 2264 nec
1017 2202 1224 2276 Pisoni,
1242 2206 1338 2283 qui
1354 2205 1416 2262 in

215 2311 342 2353 eum
356 2296 565 2374 primus
578 2293 828 2352 invectus
843 2291 940 2366 est,
961 2289 1117 2350 nullo
1132 2287 1418 2356 assentien-

217 2391 402 2453 tc,nec
411 2381 545 2438 mihi
548 2381 665 2458 ‚qui
681 2377 828 2437 idem
836 2375 1103 2436 tricefimo
1119 2369 1235 2456 post
1246 2376 1331 2436 die
1342 2375 1421 2434 fc·

221 2467 296 2544 ci,
313 2485 416 2524 nec
431 2472 494 2526 P.
509 2463 861 2543 Servilio,qui
876 2484 965 2522 me
979 2461 1054 2524 est
1068 2459 1416 2537 consecutus,
