1709 3084
339 175 422 238 92
551 117 678 216 An
719 149 1331 215 mmmmm

332 257 640 338 jicieudum
654 275 820 337 quam
833 254 1075 334 primum
1088 269 1271 324 cures;
1288 264 1349 311 et
1362 262 1549 314 matu·

339 365 428 408 res
452 347 626 428 prius,
657 363 823 424 quam
855 337 1036 400 hostes
1066 339 1245 416 magis
1272 339 1551 398 corrobo-

341 448 559 509 rentur,
581 446 636 491 et
661 425 832 490 nostri
847 427 1263 507 perturbentur.
1294 426 1495 504 inquo
1508 422 1555 486 fi

341 519 594 582 celeritas
615 519 720 577 erit
733 515 998 588 adhibita,
1019 509 1323 591 respublica
1344 513 1405 570 in
1422 507 1555 590 pos·

343 603 564 667 sessione
583 604 870 676 victoriae,
894 598 1091 662 deletis
1112 595 1409 675 sceleratis,
1432 617 1554 679 per-

343 692 610 754 manebit.
642 688 734 752 fac
747 689 957 763 valcas„
977 705 1175 765 meque
1188 684 1407 764 diligas.
1440 685 1555 751 fra-

345 793 488 842 trem
507 797 694 840 meum
715 777 838 852 tibi,
853 771 1195 836 fortiffimum
1215 772 1396 832 civem
1410 788 1473 833 et
1484 771 1557 834 nd

347 853 536 926 o‘inuia
552 863 963 943 paratissimum,
976 855 1228 920 excusem
1244 858 1423 918 literis
1430 861 1560 940 ?qui

349 972 424 1014 ex
441 951 630 1013 labore
651 951 712 1012 in
734 947 1057 1009 febriculam
1082 944 1279 1006 incidit
1300 944 1563 1008 affidua‘m

352 1055 410 1100 et
430 1037 559 1101 satis
579 1034 883 1098 molestam.
930 1053 1058 1096 cum
1080 1034 1317 1112 primum
1346 1035 1566 1111 poterit

355 1125 491 1188 istuc
527 1144 827 1200 recurrere,
868 1141 991 1180 non
1012 1119 1306 1193 dubitabit,
1344 1139 1419 1179 ne
1442 1141 1567 1202 quo

351 1212 484 1274 loco
499 1211 829 1292 reipublicae
841 1205 997 1268 defit.
1036 1225 1214 1268 meam
1228 1205 1567 1284 dignitatem
1598 1243 1607 1252 ·

353 1297 800 1362 commendatam
813 1298 1037 1371 habeas,
1060 1313 1222 1373 rogo.
1265 1293 1567 1376 concupis·

354 1405 479 1447 cere
499 1403 587 1446 me
601 1383 740 1444 nihil
753 1398 1001 1465 oportet.
1026 1383 1204 1446 babeo
1220 1395 1278 1440 te
1292 1394 1351 1440 et
1364 1401 1573 1442 amau·-
1689 1429 1690 1432 η

355 1471 609 1534 tissimum
641 1472 773 1546 mei,
803 1487 883 1547 et,
906 1469 1059 1551 quod
1080 1469 1297 1549 optavi,
1319 1465 1571 1530 summae
1689 1459 1690 1464 ¹

357 1559 788 1622 austeritatis.tu
803 1557 1301 1638 videris,quantum
1318 1569 1377 1614 et
1390 1573 1572 1636 quan-

359 1646 438 1710 do
457 1664 616 1710 tuum
629 1665 832 1710 munus
847 1644 993 1725 apud
1006 1664 1095 1706 me
1108 1641 1245 1704 velis
1260 1639 1385 1702 effe.
1438 1657 1571 1702 tan-

359 1749 482 1796 tum
512 1750 568 1795 te
589 1735 806 1813 rogoin
830 1733 1003 1794 Hirtii
1022 1731 1211 1792 locum
1232 1749 1320 1790 me
1341 1727 1574 1806 subdas,

361 1837 422 1882 et
447 1820 518 1881 ad
539 1837 696 1881 tuum
719 1840 986 1896 amorem,
1016 1833 1072 1879 et
1092 1815 1161 1878 ad
1180 1835 1359 1877 meam
1379 1813 1572 1877 obscr-
1644 1829 1655 1836 ’

363 1908 632 1969 varitiam.

661 2101 694 2142 c
711 2101 929 2144 tcmto
962 2099 1263 2143 nmmo.

451 2173 522 2231 In
544 2182 598 2229 te
619 2185 674 2232 et
695 2172 756 2230 in
773 2169 986 2246 collega
1000 2169 1187 2228 omnis
1206 2164 1324 2247 spes
1340 2161 1437 2241 est,
1460 2161 1573 2226 diis
1592 2185 1643 2226 22

365 2259 822 2335 approbantibus».
870 2253 1175 2316 concordia
1195 2250 1391 2324 vestra,
1427 2271 1589 2330 quae‘

366 2336 576 2400 senatui
599 2341 875 2402 declarata
894 2340 1071 2400 literis
1085 2337 1275 2398 vestris
1298 2335 1392 2411 est,
1416 2337 1577 2396 miri·-

364 2419 466 2482 fice
487 2439 546 2482 et
567 2423 782 2486 senatus
799 2441 859 2486 et
872 2430 1067 2486 cuncta
1090 2426 1289 2486 civitas
1312 2421 1579 2483 delectata

365 2506 462 2570 est.
515 2510 670 2591 quod
685 2511 758 2576 ad
778 2533 869 2574 me
884 2509 1169 2594 scripseras
1184 2510 1252 2572 de
1268 2529 1327 2572 re
1340 2510 1579 2590 agrariae
