1709 3084
333 136 422 199 60
548 123 674 195 An
718 138 1317 197 PAM1L1ARns

330 253 484 297 mum
497 249 740 315 putares.
785 254 863 295 nu
870 256 941 295 nc
956 256 1093 295 vero
1110 235 1245 317 quid
1258 234 1353 311 est,
1374 239 1550 317 quod

331 341 420 381 me
433 323 494 385 in
517 321 675 383 aliam
690 337 900 402 partem
916 326 1131 381 trahere
1142 321 1329 403 possit?
1362 344 1546 402 quae·

253 406 258 413 ’
332 424 556 487 cunque
593 409 652 467 in
681 429 769 469 me
790 410 941 467 bona
969 406 1118 483 sunt,
1156 424 1251 467 aut
1276 406 1547 491 forturme

329 493 598 556 beneficio
626 496 854 569 tributa,
878 509 971 553 aut
986 514 1111 553 meo
1135 494 1323 553 labore
1352 512 1550 575 parta,

331 579 428 641 etfi
451 602 486 641 a
501 596 554 640 te
568 596 795 661 propter
809 600 1051 641 amorem
1078 582 1259 639 carius
1275 578 1401 639 sunt
1422 581 1546 641 aes·

329 668 566 741 timata3
611 682 795 729 tamen
823 665 913 728 vel
950 666 1291 727 inimicissimi
1314 666 1541 747 judicio

332 768 496 815 tanta
531 751 681 829 sunt,
711 769 802 830 ut,
837 768 1053 833 praeter
1080 754 1285 813 bonam
1306 752 1539 831 famam,

331 837 476 903 nihil
489 837 785 900 defiderare
800 839 1113 899 videantur.
1158 860 1329 919 quare
1344 844 1453 900 hoc
1467 862 1541 905 ιιι

334 948 473 987 num
502 928 602 986 tibi
623 924 919 1007 persuade:
946 940 1211 1005 quantum
1241 926 1455 987 viribus
1478 948 1543 987 e·.

333 1015 470 1091 niti,
489 1012 716 1075 confilio
735 1012 1049 1093 providere,
1070 1014 1394 1073 auctoritate
1410 1032 1537 1073 mo-

331 1118 467 1163 vere
482 1116 740 1181 potuere,
751 1102 865 1159 hoc.
874 1118 1039 1159 omne
1054 1097 1381 1177 reipublicae
1398 1096 1539 1161 sem·

333 1206 436 1267 per
455 1186 723 1246 futurum.
769 1205 891 1245 non
915 1184 989 1245 est
1008 1186 1237 1263 ignotus
1252 1186 1389 1243 mihi
1410 1182 1539 1245 sen-

333 1270 426 1332 sus
442 1288 593 1333 tuusz
617 1291 818 1351 neque,
829 1270 871 1332 fi
884 1269 1137 1351 facultas,
1154 1271 1415 1351 optabilis
1430 1274 1539 1333 mi-

333 1360 396 1419 hi
415 1358 661 1439 quidem,
682 1358 766 1417 tui
791 1355 1083 1437 praesentis
1110 1354 1261 1433 effet,
1289 1368 1542 1439 unqt’xam

333 1464 374 1505 a
401 1446 513 1503 tuin
541 1441 783 1505 confiliis
811 1442 1201 1525 discreparem:
1252 1464 1356 1505 nec
1380 1466 1540 1505 nunc

332 1533 701 1606 committam,
721 1546 787 1589 ut
813 1528 985 1591 ullum
1012 1550 1196 1591 meum
1215 1529 1419 1591 fastum
1448 1552 1540 1591 re-

332 1617 672 1700 prehendere
689 1618 814 1697 jure
834 1616 1018 1698 posfis·
1066 1615 1183 1677 sum
1204 1619 1265 1678 in
1280 1622 1549 1697 παρεὼν.

331 1707 496 1767 tione
519 1707 769 1768 omnium
791 1724 993 1781 rerum,
1017 1701 1153 1783 quid
1174 1704 1237 1763 in
1252 1704 1431 1763 Gallia
1455 1707 1537 1763 ci-

265 1870 268 1875 ·
329 1793 560 1868 teriore,
581 1790 714 1871 quid
729 1792 789 1851 in
805 1792 941 1851 urbe
953 1787 1135 1850 mense
1150 1793 1551 1870 Januario'ge·,

259 1878 262 1881 ’
327 1892 509 1954 tatur,
537 1893 602 1937 ut
629 1874 812 1937 sciam.
856 1879 1083 1937 interim
1110 1878 1411 1939 maximam
1440 1880 1549 1945 Ῑῑιῖιιὲ

328 1961 752 2027 sollicitudinem
768 1970 1063 2045 curamque
1076 1960 1333 2043 sustirer,
1353 1984 1427 2023 ne
1440 1966 1533 2024 in·-

330 2066 422 2112 ter
445 2048 624 2111 aliena
649 2050 789 2109 vitia
815 2053 921 2109 hae
947 2066 1143 2129 gentes
1178 2049 1365 2109 nostra
1386 2050 1536 2111 mala

328 2138 482 2201 suam
496 2150 694 2220 putent
710 2133 1068 2199 occafionem.
1114 2135 1267 2216 quod
1282 2134 1323 2196 fi
1334 2140 1535 2215 proin-

263 2248 268 2252 ·
329 2222 424 2301 de,
444 2238 509 2285 ut
529 2222 641 2305 ipse
659 2244 899 2325 mereor,
920 2224 1057 2283 mihi
1070 2220 1391 2297 sucoeffirst,
1412 2244 1533 2283 cer-

325 2328 386 2373 te
405 2324 464 2371 et
483 2313 604 2386 tibi,
625 2312 714 2371 cui
729 2312 966 2371 maxime
988 2312 1177 2390 cupin,
1198 2324 1257 2369 et
1268 2310 1533 2371 omnibus

301 2396 468 2460 ‘viris
493 2398 658 2457 bonis
689 2394 1035 2461 satisfaciam.
1078 2396 1166 2459 fac
1184 2396 1393 2525 valeasf
1404 2416 1529 2459 me-

323 2504 436 2565 que
457 2497 654 2549 mutuo
671 2482 891 2565 diligas.
