1709 3084
393 143 510 221 198
600 143 726 202 AD
771 143 1393 206 FAMILIARES
1681 208 1682 234 ¹

374 243 618 323 improbi
639 239 946 328 fingebant,
970 243 1143 319 magis
1168 263 1299 304 vera
1314 244 1637 310 existima-

371 347 695 409 rent,quam
711 348 852 408 quae
866 348 1001 390 vere
1009 328 1150 388 faeta
1162 347 1357 408 erant,
1368 349 1435 392 et
1450 356 1491 394 a
1512 357 1631 396 no-

369 420 458 480 bis
487 417 851 478 docebantur.
898 435 1009 496 qua
1040 432 1226 476 mente
1256 420 1443 480 etiam
1481 439 1625 482 ante

369 503 618 568 nostrum
635 502 953 578 adventum,
969 500 1087 582 post
1101 505 1403 566 Trebonii
1416 508 1617 587 indig-

369 591 634 652 niffimam
657 588 897 662 eaedem,
912 603 1233 668 caeteraque
1250 605 1345 650 tot
1363 608 1617 674 tamque

367 676 576 738 nefaria
589 674 864 748 facinora,
872 676 1031 734 binae
1046 674 1325 757 profectae
1340 697 1523 740 erant
1534 683 1605 742 ad

363 761 710 826 Dolabellam
725 759 1029 838 legationes
1044 782 1261 836 eorum,
1280 780 1338 824 et
1354 766 1601 844 quidem

365 869 522 910 novo
532 847 1009 927 exemplo‚contra
1022 848 1168 925 leges
1178 848 1599 933 ipsorum,pro·

363 936 678 998 bibentibus
707 936 802 1008 iis,
833 936 933 1014 qui
960 949 1079 994 tum
1100 935 1465 1013 magistratus
1493 962 1597 1018 ge·-

362 1026 581 1086 rebant.
605 1024 760 1096 haec,
775 1019 884 1080 five
898 1022 1120 1096 timore,
1133 1037 1198 1081 ut
1212 1021 1507 1102 dictitant,
1518 1027 1595 1088 de

363 1112 534 1190 agris,
551 1129 694 1189 quos
711 1109 772 1168 in
787 1109 1106 1169 continenti
1121 1111 1349 1186 habent,
1358 1109 1481 1174 five
1494 1113 1583 1174 fu-

360 1218 513 1272 rore,
535 1194 644 1258 five
660 1197 913 1277 potentia
932 1214 1258 1276 paucorum,
1276 1200 1380 1277 qui
1396 1216 1459 1258 et
1474 1221 1579 1260 an-

359 1298 446 1344 tea
463 1283 579 1362 pari
599 1281 940 1344 contumelia
958 1283 1117 1343 vitoe
1140 1282 1467 1344 elatissimos
1492 1286 1575 1346 af-

359 1370 630 1444 fecerant,
660 1361 724 1428 et'
742 1390 897 1429 nune
917 1370 1190 1430 maximos
1222 1371 1577 1448 magistratus

357 1471 636 1536 gerentes,
647 1455 804 1515 nullo
817 1454 1098 1536 exemplo,
1110 1475 1291 1534 neque
1306 1455 1485 1518 vestra
1498 1479 1571 1520 ex

357 1559 536 1624 parte,
559 1562 740 1622 neque
756 1541 945 1601 nostro
968 1540 1357 1622 praesentium,
1381 1565 1571 1624 neque

329 1693 336 1695 ,
354 1631 669 1692 imminenti
693 1629 881 1688 Italiae
912 1629 1144 1707 urbique
1166 1628 1385 1688 nostrae
1412 1633 1565 1710 peri-

355 1714 661 1791 eu10‚fiilie
677 1714 943 1794 parricida
959 1735 1087 1775 cum
1102 1712 1137 1773 s
1127 1717 1209 1774 uis
1225 1715 1562 1794 latronibus,

355 1803 618 1876 navibus,
629 1823 704 1860 ex
719 1800 842 1861 Afia
855 1803 1121 1882 Syriaque
1142 1800 1423 1881 expulsus,
1445 1813 1551 1864 Ita·

348 1889 482 1949 liam
497 1885 749 1967 petiisset,
775 1887 1119 1948 medericum
1135 1887 1297 1946 facile
1312 1885 1543 1967 possent,

346 1974 670 2036 voluerunt.
725 1973 1017 2033 nonnullis
1044 1975 1209 2032 etiam
1230 1973 1329 2055 ipfi
1362 1975 1553 2054 magis-

351 2076 528 2122 tratus
543 2060 844 2120 veniebant
857 2061 917 2118 in
936 2057 1317 2138 suspicionem,
1334 2061 1543 2124 detinu-

350 2146 444 2209 isse
460 2167 592 2223 nos‚
605 2162 661 2206 et
677 2145 946 2206 demorati
960 2145 1083 2222 effe,
1100 2146 1231 2222 dum
1246 2147 1409 2208 classis
1425 2158 1541 2210 Do·

347 2234 572 2298 labellae
587 2234 788 2297 certior
801 2231 954 2292 fieret
976 2233 1043 2292 de
1070 2233 1313 2294 adventu
1334 2235 1533 2300 nostru.

346 2341 514 2400 quam
530 2316 889 2398 suspicionem
901 2316 1223 2380 consecutae
1238 2341 1325 2380 res
1334 2322 1535 2401 aliquot

345 2419 640 2464 auxen-mitt
666 2405 903 2466 maxime
924 2405 1077 2483 quod
1092 2404 1274 2466 subito
1289 2427 1361 2466 ex
1372 2411 1535 2485 Lycia

343 2493 476 2558 Sex·
499 2491 736 2570 Marius,
759 2504 820 2556 ct,
839 2497 909 2552 C.
934 2493 1153 2570 Titius,
1173 2492 1338 2578 legati
1364 2494 1527 2564 Dola·
