1709 3084
337 184 459 246 182
551 187 678 241 AD
722 183 1325 241 FAMILIARES

330 281 538 343 bellum
561 279 804 359 quidem,
821 300 945 341 cum
960 282 1093 341 haec
1108 277 1437 357 scribebam,
1466 278 1565 342 {3125

329 388 406 428 ne
419 387 682 447 magnum
711 382 848 439 erat,
881 364 1075 426 scelere
1094 381 1153 426 et
1174 365 1406 425 levitate
1440 373 1559 426 Le-

329 454 469 535 pidi.
516 472 624 513 nos
661 452 732 511 de
767 452 1057 511 Dolabella
1086 451 1361 533 quotidie,
1400 472 1559 533 quae

333 540 619 614 volumus,
627 537 900 610 audimus;
918 536 1006 599 sed
1022 540 1199 599 adhuc
1212 536 1327 596 fine
1336 542 1561 619 capite,

330 622 444 685 fine
458 629 926 698 auetore‚rumore
940 624 1163 685 nuntio.
1182 623 1335 703 quod
1350 630 1483 685 eum
1498 628 1553 685 i·

329 709 736 780 ”esttamen
745 710 920 770 literis
932 714 1205 789 tuis',quas
1216 712 1389 769 nonis
1404 713 1551 771 Maii

329 816 406 859 ex
417 795 600 856 eastris
625 796 784 855 datas
799 817 1201 876 acceperamus,
1222 798 1303 855 ita
1316 796 1548 876 persua-

331 882 450 944 sum
477 898 593 943 erat
621 883 859 959 civitati,
888 900 953 942 ut
986 882 1143 943 illum
1163 883 1280 960 jam
1310 882 1545 962 oppress·

304 1027 309 1031 .
333 967 450 1031 sum
471 988 668 1030 omnes
689 970 1110 1042 arbitrarentur,
1132 984 1189 1027 te
1200 983 1385 1029 autem
1398 972 1465 1029 in
1482 977 1542 1031 1-

331 1057 522 1118 taliam
534 1057 726 1117 venire
737 1077 865 1115 eum
880 1058 1148 1128 exercitu3
1164 1070 1249 1128 ut,
1258 1055 1299 1114 fi
1314 1060 1453 1115 haec
1466 1075 1542 1117 ex

326 1140 604 1205 sententia
623 1142 873 1203 conse&
893 1142 1085 1215 ess'ent,
1116 1140 1348 1203 confilio
1370 1158 1545 1221 atque

331 1231 657 1289 audini-itate
669 1244 788 1304 tua,
801 1228 883 1288 fin
900 1228 1035 1307 quid
1048 1228 1197 1287 forte
1214 1230 1539 1305 titubatum‚

331 1330 398 1375 ut
417 1315 482 1375 fit
503 1317 564 1374 in
592 1315 765 1390 belle,
795 1316 1041 1375 exercitu
1076 1330 1177 1374 tuo
1210 1316 1535 1375 niteremur.

333 1421 500 1481 quem
515 1400 738 1480 quidem
751 1422 859 1479 ego
872 1402 1197 1475 exercitum,
1208 1398 1539 1480 quibuscun-

331 1506 445 1569 que
481 1502 716 1567 potuero
751 1490 939 1561 rebus,
980 1488 1197 1549 ornabo
1218 1509 1237 1546 ε
1270 1487 1428 1565 cujus
1458 1488 1533 1547 rei

334 1592 454 1635 tum
471 1590 684 1654 tempus
699 1574 823 1647 erit,
843 1595 993 1649 cum,
1016 1572 1151 1652 quid
1168 1576 1293 1654 opis
1314 1576 1533 1652 reipub·

330 1662 470 1722 licae
483 1660 694 1721 laturus
707 1662 756 1720 is
769 1662 1043 1720 exercitus
1058 1658 1145 1733 fit,
1162 1676 1256 1719 aut
1272 1660 1405 1739 qnid
1414 1666 1529 1739 jam

333 1746 544 1821 tulerit,
563 1762 758 1807 notum
781 1744 885 1805 effe
898 1748 1164 1827 coeperit.
1210 1768 1343 1806 nam
1356 1748 1531 1809 adhuc

333 1832 554 1893 tannim
591 1848 828 1894 conatus
864 1833 1194 1907 audiuntur,
1217 1834 1417 1912 optimi
1452 1833 1527 1894 illi

333 1918 635 1999 quidem,et
647 1919 1067 1998 praeclariffimi,
1079 1918 1167 1979 sed
1181 1917 1321 1997 gesta
1336 1940 1425 1979 res
1439 1941 1531 1979 ex·

333 2007 610 2087 pestaturi
635 2024 800 2083 quam
819 2006 1037 2085 quidem
1060 2021 1157 2065 aut
1173 2006 1291 2084 jam
1312 2004 1419 2065 effe
1430 2006 1526 2066 ali-

334 2111 528 2173 quam,
557 2106 654 2151 aut
679 2094 1125 2172 appropinquare
1144 2090 1392 2152 confido.
1438 2108 1525 2153 tua

333 2180 544 2241 virtute
579 2194 636 2238 et
669 2179 1051 2257 magnitudine
1084 2179 1256 2239 animi
1290 2178 1433 2239 nihil
1454 2176 1523 2241 est

335 2261 604 2327 nobilius.
647 2269 836 2344 itaque
857 2282 1136 2344 optamus,
1159 2279 1403 2345 utquam
1416 2266 1523 2345 pri·

335 2372 488 2413 mum
504 2367 560 2409 te
573 2352 632 2410 in
650 2350 810 2410 Italia
820 2352 1127 2413 videamus·
1143 2352 1522 2430 rempublicam

335 2456 444 2494 nos
467 2438 664 2495 habere
685 2438 1094 2512 arbitrabimur,
1114 2436 1153 2498 fi
1176 2458 1281 2497 vos
1311 2438 1522 2497 habebi-

335 2520 758 2602 mus.praeclare
769 2524 1076 2589 viceramus
1079 2522 1205 2605 ,nifi
1216 2522 1521 2605 spoliatum,
