1709 3084
389 172 472 249 76
523 244 530 249 ,
635 171 748 233 AD
777 168 1377 229 FAMILIARES

353 284 358 291 ”
381 267 686 336 multitudo
708 268 1051 349 optimorum
1078 268 1333 327 virorum
1361 282 1425 327 et
1456 270 1597 330 civi·

379 378 481 421 um
495 378 582 419 me
595 356 663 417 de
677 354 848 416 domo
864 352 1178 431 deduceret,
1192 354 1299 414 feci
1313 357 1601 417 continuo

381 464 582 509 omnes
597 442 889 525 participes
904 460 1059 503 meae
1072 440 1379 522 voluptatis
1388 484 1405 503 .
1454 444 1599 503 inte-

382 535 492 594 rim
506 529 574 593 ad
587 550 677 591 me
689 529 846 591 venit
855 530 1143 589 Munatius
1159 525 1365 604 noster,
1372 544 1445 589 ut
1459 551 1601 591 con·

383 617 584 679 suerat:
603 633 662 677 at
677 636 780 696 ego
793 614 1045 677 eilitcra‘s
1060 631 1207 677 tuas:
1230 616 1529 677 nihildum
1542 638 1602 677 e·

383 706 506 769 nim
521 699 742 765 seiebht.
781 723 915 764 nam
936 702 1005 763 ad
1021 722 1109 763 me
1124 704 1365 784 primum
1388 702 1601 765 varifi-

385 792 538 870 dius,
567 790 733 873 idque
755 788 852 851 fibi
874 811 908 850 a
922 806 979 851 te
992 789 1313 852 mandatum
1329 788 1439 851 elle
1452 791 1603 853 diee-

385 883 504 943 bat.
550 878 718 961 paulo
739 876 863 961 post
876 877 1021 940 idem
1035 877 1172 939 mihi
1195 879 1497 939 Munatius
1508 899 1604 939 eas

386 968 576 1029 literas
597 964 857 1046 legendas
880 963 1050 1043 dedit,
1072 984 1209 1047 quas
1234 963 1333 1045 ipfi
1353 964 1606 1045 miserae,

388 1071 449 1117 et
467 1076 587 1132 eas,
613 1074 756 1135 quas
783 1051 1027 1135 publice.
1074 1052 1279 1133 placuit
1308 1053 1507 1130 nobiS,
1541 1070 1607 1114 ut

389 1140 568 1205 statim
607 1141 680 1203 ad
703 1146 1049 1216 Cornutum,
1087 1154 1399 1219 praetorem
1436 1142 1605 1202 urba·

387 1248 552 1305 num,
571 1227 762 1289 literas
770 1226 1137 1302 deferremusg
1154 1228 1275 1307 qui,
1292 1226 1452 1308 quod
1466 1249 1605 1291 eon-

390 1315 534 1379 sules
555 1318 804 1391 aberant,
825 1312 1114 1377 consulare
1141 1334 1347 1377 munus
1378 1314 1607 1377 sustine·

391 1407 490 1467 bat
503 1422 660 1464 more
673 1402 780 1483 maj
787 1422 969 1465 orum.
994 1401 1213 1464 senatus
1228 1400 1305 1463 est
1326 1405 1607 1466 continuo

394 1504 742 1555 convocatus
745 1488 1135 1573 ,frequensque
1150 1493 1425 1556 convenit
1437 1512 1609 1575 prop-

394 1596 482 1643 ter
496 1578 721 1655 famam,
745 1593 913 1658 atque
926 1578 1367 1657 expectationem
1382 1594 1609 1643 tuarum

393 1668 699 1735 literarum.
725 1666 965 1727 recitatis
982 1664 1184 1743 literis,
1204 1665 1395 1727 oblata
1408 1666 1611 1747 religio

398 1762 658 1817 Cornuto
673 1752 768 1830 est,
784 1752 1145 1836 pullariorum
1162 1752 1455 1814 admonitu
1460 1766 1613 1831 ,non
1691 1784 1692 1791 κ

397 1841 528 1904 satis
545 1841 838 1921 diligenter
857 1860 983 1901 eum
996 1838 1497 1923 auspiciisoperan':
1521 1841 1614 1903 de-

397 1928 552 1991 disse:
577 1928 742 2009 idque
761 1948 798 1988 a
819 1925 1011 1991 nostro
1024 1928 1258 2006 collegio
1274 1932 1615 2011 comproba-

402 2034 522 2079 tum
536 2012 632 2079 est.
648 2018 836 2095 itaque
853 2035 941 2077 res
958 2014 1127 2077 dilata
1140 2014 1215 2077 est
1230 2018 1293 2075 in
1308 2014 1613 2097 posterum.

399 2127 471 2168 eo
492 2120 674 2167 autem
702 2103 792 2164 die
811 2122 1015 2183 magna
1036 2106 1172 2163 mihi
1195 2124 1301 2183 pro
1315 2119 1414 2163 tua
1428 2102 1613 2183 digni·

401 2210 520 2258 tate
531 2192 826 2255 contentio
841 2210 968 2252 cum
976 2190 1334 2270 Servili03qui
1348 2210 1478 2259 eum
1493 2212 1617 2269 gra-

405 2285 486 2343 tia
499 2277 771 2355 effecisset,
795 2292 859 2339 ut
874 2274 1255 2339 sua-stutentia
1278 2278 1457 2357 prima
1478 2298 1615 2358 pro·

405 2368 781 2442 nuntiaretur,
799 2364 1061 2445 frequens
1090 2384 1217 2427 eum
1239 2364 1461 2427 senatus
1488 2366 1617 2425 reli-

405 2448 554 2536 quit',
576 2467 632 2515 et
652 2453 714 2513 in
735 2453 840 2513 alia
860 2453 1051 2514 omnia
1071 2448 1315 2525 di'sceffit3
1347 2470 1615 2533 meaeque

405 2540 897 2629 sententiaeffluae
910 2536 1151 2605 secunda·
1163 2539 1543 2626 pronuntiat(
1556 2556 1611 2601 e·
