1709 3084
317 158 472 224 130-
543 151 670 208 AD
713 139 1317 224 FAMILIARES
1370 159 1385 171 ·

309 251 416 310 bus
430 253 671 311 maxime
685 272 772 312 me
793 266 921 310 tuto
944 247 1051 310 effe
1076 251 1403 311 arbitrabar.
1450 271 1523 311 eo

311 336 516 398 suetum
531 337 692 413 est,ut
705 338 772 396 ad
785 353 842 396 te
855 344 1047 424 Lupus
1058 335 1172 397 fine
1186 340 1323 397 meis
1339 337 1527 397 literis

315 424 542 498 rediret,
567 445 689 484 cum
713 440 900 484 tamen
922 421 1154 484 curass'et
1182 441 1308 484 tuas
1330 425 1403 484 ad
1434 444 1529 484 me

313 509 686 592 perferendas,
734 517 971 570 Romam
999 513 1343 571 autem-veni
1370 533 1429 571 a.
1462 510 1525 571 d.

313 618 378 676 v,
393 596 520 658 idus
541 599 887 672 DecembriS,
910 617 1011 657 nec
1032 599 1199 656 habui
1216 597 1529 677 quidquam

315 671 625 764 ailtiquius,
647 703 815 764 quam
839 699 904 743 ut
930 681 1154 744 Pansam
1178 683 1356 743 statim
1380 704 1529 744 eon-

315 771 564 830 venirem
579 791 600 843 3
623 791 697 830 ex
713 790 828 851 quo
843 789 910 830 ea
927 769 997 830 de
1010 786 1067 830 te
1090 772 1364 849 cognovi,
1381 790 1535 851 quae

317 855 558 918 maxime
579 859 863 938 optabam.
909 876 1079 938 quare
1106 860 1437 918 hortatione
1468 873 1534 917 tu

319 941 544 1025 quidem
559 963 679 1004 non
695 963 842 1021 eges,
866 942 906 1003 fi
928 965 1001 1002 ne
1023 945 1118 1004 illa
1132 943 1353 1024 quidem
1370 947 1535 1020 inre,

319 1051 466 1113 quae
479 1051 512 1092 a
525 1047 582 1091 te
590 1027 734 1111 gesta
748 1029 820 1090 est
833 1028 956 1111 post
970 1032 1261 1091 hominum
1274 1033 1539 1091 memori-

311 1126 413 1179 nin
429 1121 692 1193 maxima,
702 1121 1043 1178 hortatorem
1058 1115 1377 1177 desiderasti.
1395 1117 1540 1179 illud

318 1220 508 1265 temen
554 1205 794 1265 breviter
830 1202 1246 1284 fignifioendum
1272 1204 1535 1280 videtur,

319 1287 591 1372 populum
615 1295 932 1351 Romanum
956 1293 1147 1352 omnia
1162 1313 1195 1351 a
1210 1307 1264 1350 te
1276 1295 1535 1372 expedia-

320 1395 406 1452 τε,
412 1391 580 1456 atque
593 1377 652 1436 in
667 1392 725 1436 te
739 1377 1039 1458 aliquando
1056 1377 1461 1458 recuperandae
1476 1378 1543 1438 li-

322 1464 552 1524 bertatis
577 1483 804 1524 omnem
823 1462 973 1545 spem
988 1485 1219 1546 ponere.
1252 1479 1311 1524 tu
1317 1507 1338 1540 ,
1360 1462 1402 1526 fi
1416 1465 1541 1526 dies

321 1549 623 1633 noetesque
637 1550 1143 1632 memineris(quod
1159 1567 1214 1611 te
1226 1550 1409 1611 facere
1424 1571 1543 1612 cer-

325 1639 392 1699 to
412 1635 552 1717 scio)
574 1653 837 1720 quantam
855 1655 969 1698 rem
984 1636 1227 1716 gess'eris:
1253 1657 1371 1698 non
1388 1638 1542 1698 obli-

324 1723 1070 1806 viscereprofeeto,qnantae
1084 1726 1186 1784 tibi
1200 1727 1367 1785 etiam
1382 1745 1541 1786 nunc

323 1810 728 1890 gerendaefint.
737 1810 776 1872 fi
785 1813 933 1871 enim
942 1809 1039 1871 iste
1047 1812 1395 1891 provinciam
1408 1829 1545 1873 nae·

325 1914 416 1957 tus
440 1899 565 1971 erit,
587 1899 678 1957 cui
708 1897 930 1978 quidem
959 1918 1065 1977 ego
1090 1896 1295 1978 semper
1322 1901 1543 1959 amicus

315 1983 408 2046 fui
427 1997 725 2062 antequam
745 1982 903 2044 illum
935 1984 1184 2044 intellexi
1216 2005 1336 2044 non
1364 1985 1543 2046 modo

321 2085 531 2151 aperte,
552 2066 641 2130 sed
665 2071 828 2130 etiam
848 2071 1085 2131 libenter
1107 2091 1233 2131 cum
1260 2071 1546 2151 republica

324 2157 530 2220 bellum
545 2176 752 2235 gerere;
770 2154 917 2237 spem
936 2157 1202 2237 reliquam
1220 2157 1433 2219 nullam
1452 2160 1547 2218 vi-

325 2245 434 2306 deo
457 2243 668 2305 salutis.
713 2245 1070 2324 quamobrem
1095 2258 1150 2302 te
1180 2241 1417 2304 obsecro
1445 2243 1545 2304 iis-

324 2330 450 2390 dem
471 2331 746 2410 precibus,
774 2331 976 2411 quibus
1000 2329 1239 2403 senatus,
1270 2329 1547 2411 populus·

325 2427 437 2496 que
454 2421 760 2491 Romanus,
773 2419 915 2477 utin
930 2431 1255 2499 perpetuum
1272 2437 1331 2478 re
1342 2414 1549 2497 n'ipub·

321 2501 488 2564 licam
501 2501 786 2566 dominatu
800 2505 955 2586 regio
974 2506 1167 2575 liberes
1180 2523 1203 2583 3
1229 2518 1297 2566 ut
1328 2506 1547 2588 prinei-
