1709 3084
296 118 424 185 226
519 122 646 179 AD
675 121 1285 181 FAMILIARES

289 236 452 295 agam
475 235 650 275 nunc.
695 236 758 277 ac
783 232 837 276 te
853 216 991 277 illud
1008 219 1251 296 primum
1266 220 1555 296 rogabo,

285 320 364 363 ne
387 300 523 383 quid
537 304 748 361 invitus
763 322 885 361 mea
897 302 1057 363 causa
1076 302 1281 363 faciest
1314 304 1432 365 sed
1458 306 1555 379 id,

289 386 448 467 quod
463 408 582 447 mea
597 387 871 467 intelliges
888 389 1142 458 multum,
1170 402 1271 448 tua
1294 390 1547 450 nullam

287 474 352 533 in
371 488 586 553 partem
605 470 879 547 intercise,
900 474 979 533 ita
998 476 1133 533 mihi
1156 474 1281 548 des,
1302 473 1354 533 fi
1396 478 1539 550 tibi,

287 573 356 619 ut
383 558 442 619 id
477 559 710 618 libenter
747 558 916 618 facias
935 601 956 635 ‚
992 574 1121 618 ante
1150 558 1537 638 persuaseris.

287 664 420 704 cum
437 651 674 703 Patrone
690 646 961 724 Epicureo
976 647 1109 703 mihi
1126 648 1323 705 omnia
1352 645 1499 705 sunt
1512 668 1531 706 ε

291 728 394 790 nifi
418 729 572 810 quod
596 733 656 788 in
679 729 1021 809 philosophia
1044 734 1420 791 vehementer
1452 734 1531 791 ab

289 834 362 875 eo
385 810 660 875 diffentio.
690 812 779 875 sed
795 831 847 873 et
864 816 1027 875 initio
1047 823 1277 889 Romae,
1308 838 1451 877 cum
1468 833 1527 877 tc

294 921 523 982 quoque
533 917 588 959 et
598 918 726 961 tuos
737 921 933 961 omnes
948 900 1299 975 observabat,
1316 924 1417 962 me
1428 924 1527 963 co·

294 988 402 1047 luit
417 989 475 1046 in
493 989 706 1067 primis:
725 1003 781 1045 et
797 1008 994 1067 nuper,
1010 1009 1135 1047 cum
1152 1008 1397 1067 ea,quae
1415 1010 1523 1048 vo·

295 1073 427 1150 luit,
460 1073 530 1132 dc
553 1072 658 1131 suis
681 1072 991 1133 commodis
1014 1088 1069 1132 et
1092 1077 1355 1153 praemiis
1372 1096 1521 1135 con·

298 1158 518 1219 secutus
539 1157 636 1230 est,
666 1180 754 1219 me
784 1161 974 1218 habuit
1005 1158 1226 1219 suorum
1256 1159 1515 1221 defenso·

298 1264 424 1305 rum
441 1260 498 1303 et
515 1246 816 1306 amicorum
841 1244 951 1303 fere
966 1246 1294 1325 principem.
1342 1248 1513 1307 etiam

301 1349 352 1391 a·
370 1330 616 1391 Phaedro
639 1329 777 1411 (qui
811 1333 1003 1406 nobis,
1030 1351 1155 1389 cum
1188 1333 1345 1411 pueri
1378 1330 1513 1391 esse-

297 1436 450 1492 muS,
473 1431 607 1475 ante
620 1437 787 1494 quam
807 1416 1095 1475 Philonem
1112 1419 1509 1493 cognovimus,

301 1502 484 1577 valde,
507 1517 571 1560 ut
587 1502 969 1581 philosophus;
1002 1501 1185 1581 postea
1206 1518 1419 1577 tamen,
1446 1520 1509 1563 ut

301 1590 394 1649 vir
414 1594 624 1662 bonuz,
645 1602 702 1646 et
717 1586 921 1661 suaviS,
944 1602 999 1646 et
1014 1586 1291 1646 officiosus
1308 1592 1503 1667 proba·

302 1676 498 1750 batur)
529 1673 764 1733 traditus
793 1675 953 1747 mihi,
982 1664 1507 1753 commendansque

301 1758 399 1820 est.
423 1761 470 1819 is
500 1760 669 1836 igitur
691 1767 883 1833 Patro,
912 1779 1039 1819 cum
1062 1758 1133 1815 ad
1154 1779 1244 1817 me
1274 1766 1499 1818 Romam

300 1846 486 1905 literas
504 1842 738 1918 mififfet,
761 1846 842 1903 uti
859 1859 913 1902 te
928 1842 1023 1902 fibi
1038 1842 1329 1919 placarem,
1354 1858 1497 1921 pete·

300 1930 552 2008 reinque,
575 1943 639 1987 ut
653 1928 837 1988 nescio
862 1928 997 2008 quid
1011 1928 1147 1987 illud
1172 1930 1390 2008 Epicuri
1405 1950 1495 2009 pa-

304 2017 627 2077 rietinarum
649 2012 746 2074 fibi
775 2014 1144 2075 concederes:
1170 2016 1309 2073 nihil
1332 2012 1494 2093 scripsi

303 2102 378 2163 ad
403 2117 458 2161 te
485 2103 562 2161 ob
595 2120 716 2161 eam
753 2108 892 2175 r'em,
924 2099 1077 2179 quod
1112 2099 1489 2159 aedificationis

305 2207 438 2247 tuae
457 2186 742 2249 confilium
757 2192 877 2245 nica
898 2184 1375 2245 commendatione
1394 2204 1487 2243 no·

73 2258 76 2261 ⁴
195 2308 197 2311 ⁴
305 2273 772 2350 leb'amimpediri.
820 2270 985 2344 idem)
1010 2285 1075 2328 ut
1088 2272 1221 2329 veni
1238 2273 1485 2344 Ath'enae,

305 2376 456 2429 cnm,
487 2357 632 2415 idem
645 2372 709 2416 ut
726 2357 795 2415 ad
817 2372 875 2415 te
902 2354 1213 2428 scriberem,
1236 2353 1480 2431 rogaffet3

305 2440 383 2507 ob
395 2458 514 2503 eam
533 2440 744 2503 causam
757 2442 1099 2522 impetravit,
1123 2440 1277 2521 quod
1290 2456 1341 2501 te
1352 2440 1482 2518 abje-
