1709 3084
299 168 378 233 16
506 170 638 227 AD
670 168 1274 228 FAMILIARES

389 357 806 399 DOLABELLA
845 355 1190 399 cxcznom
1248 356 1299 397 S.
1340 354 1409 397 D.

383 441 438 505 Si
453 439 626 512 valeS,
636 437 846 515 gaudeo
862 460 877 497 ε
892 454 947 507 et
960 438 1071 518 ipse
1085 437 1245 498 valeo
1251 453 1336 512 ‚et
1348 446 1405 497 T
1412 438 1495 497 ul·
1531 466 1565 510 9

294 523 370 586 lia
388 524 569 583 nostra
579 529 717 581 reete
727 525 893 585 valet.
899 526 1165 585 Terentia
1180 527 1363 588 minus
1379 524 1499 585 bel-

295 611 352 668 le
368 612 586 669 habuit·
606 608 693 669 sed
707 623 917 671 certum
934 609 1075 670 scio'
1051 632 1167 689 Jam
1184 609 1499 685 convdais·

298 695 352 757 se
372 715 510 755 eam.
545 710 822 774 praeterea
835 698 1111 757 reffissime
1134 696 1258 756 sunt
1274 697 1417 775 apud
1443 713 1501 756 te

299 784 507 843 omnia.
520 780 612 840 etfi
628 780 784 841 nullo
799 796 1047 861 tempore
1062 786 1119 842 in
1139 782 1501 861 suspicionem

300 871 400 929 tibi
423 867 584 927 debui
604 870 818 941 venire,
847 870 1083 947 partium
1107 867 1261 927 causa
1281 871 1500 948 potius,

303 974 468 1035 quam
485 970 598 1029 tua,
611 955 708 1013 tibi
724 952 1031 1030 suadere,ut
1046 971 1099 1015 te
1113 972 1207 1015 aut
1222 976 1346 1015 cum
1365 962 1501 1015 Cae-

302 1040 418 1102 sare
435 1040 826 1120 nobiscumque
841 1042 972 1118 conj
982 1062 1207 1119 ungeres
1213 1084 1231 1116 ,
1242 1057 1337 1101 aut
1350 1057 1501 1101 certe

304 1131 362 1190 in
375 1129 550 1187 otium
563 1127 812 1187 referresz
819 1130 1107 1208 praecipue
1122 1148 1271 1187 nunc
1280 1126 1398 1205 jam
1415 1129 1501 1187 in-

303 1214 507 1275 clinata
523 1215 774 1288 victoria,
785 1234 856 1273 ne
872 1211 1083 1293 poffum
1099 1214 1319 1293 quidem
1336 1216 1395 1274 in
1412 1214 1499 1271 ul-

305 1300 414 1361 lam
431 1299 588 1357 aliam
611 1298 846 1357 incidere
864 1301 1211 1379 opinionem,
1233 1296 1333 1359 nifi
1356 1302 1417 1357 in
1441 1320 1499 1358 c·

305 1406 416 1458 am,
455 1386 513 1443 in
547 1404 656 1463 qua
683 1382 879 1447 scilicet
910 1387 1011 1445 tibi
1042 1384 1260 1445 suadere
1288 1386 1500 1462 videar,

305 1470 462 1558 quod
477 1472 566 1548 pie
589 1484 768 1529 tacere
791 1491 911 1531 non
942 1470 1173 1549 poss’um.
1206 1487 1269 1531 tu
1293 1488 1499 1547 autem,

306 1560 386 1619 mi
402 1558 624 1632 Cicero,
633 1554 705 1616 fic
726 1558 859 1616 haec
874 1558 1127 1636 accipies,
1142 1573 1226 1632 ut,
1240 1556 1351 1619 five
1365 1578 1499 1638 pto-

307 1645 586 1705 babuntur
601 1645 724 1718 tibi,
747 1641 855 1703 five
872 1665 990 1704 non
1006 1645 1407 1725 probabuntur,
1430 1647 1499 1705 ab

307 1732 522 1811 optimo
537 1746 682 1790 certe
697 1731 883 1789 animo
898 1752 961 1791 ac
984 1729 1309 1791 deditissimo‘
1322 1732 1419 1789 tibi
1443 1744 1501 1791 et

307 1818 572 1894 cogitata,
593 1832 649 1875 et
661 1814 862 1895 scripta
874 1815 977 1877 effe
990 1815 1229 1895 judices.
1254 1815 1500 1877 animad-

309 1904 506 1977 :vertis‚
530 1908 640 1984 Cn.
669 1905 987 1981 Pompeium
1004 1924 1107 1963 nec
1132 1904 1377 1963 nominis
1401 1900 1502 1979 sui,

311 2009 416 2051 nec
439 2006 616 2049 rerum
633 1985 897 2065 gestarum
918 1989 1116 2066 gloria,
1140 2008 1319 2067 neque
1340 1990 1501 2052 etiam

313 2094 502 2153 regum
528 2094 591 2133 ac
617 2075 911 2133 nationum
934 2074 1227 2149 clientelis,
1250 2092 1388 2154 quas
1413 2071 1501 2134 οίῖ·

313 2174 528 2221 tentare
542 2160 732 2220 crebro
747 2157 975 2236 solebat,
984 2158 1085 2221 effe
1101 2174 1275 2221 tutum
1292 2181 1308 2238 ,²
1326 2175 1383 2218 et
1395 2163 1504 2227 hoc

309 2247 502 2321 etiam,
523 2245 676 2325 quod
703 2244 899 2307 infimo
922 2249 1119 2327 cuique
1140 2248 1396 2323 contigit,
1425 2245 1505 2307 illi

310 2353 439 2407 ,non
453 2328 600 2411 poss'e
616 2334 959 2409 contingere,
990 2348 1052 2391 ut
1066 2330 1286 2393 honeste
1301 2330 1504 2408 effuge·

317 2435 379 2475 re
399 2416 578 2495 poss'it,
603 2416 760 2497 pulso
777 2418 961 2494 Italia,
991 2419 1184 2479 amiffis
1200 2416 1503 2497 HispaniiS,

318 2514 486 2583 capto
506 2503 753 2565 exercitu
774 2518 1065 2586 veterano,
1092 2500 1504 2569 circumvallato
