1709 3084
368 172 488 247 238
581 172 706 229 AD
751 168 1359 227 FAMILIARES

361 265 413 327 se
441 270 774 329 tributurum
805 266 977 327 meisz
1018 262 1337 343 praesertim
1366 282 1517 326 cum
1538 285 1601 325 e-

359 375 436 433 go
467 373 570 433 pro
599 356 685 413 his
715 354 844 413 unis
874 364 1085 429 petam=
1110 350 1343 409 habeam
1364 366 1600 425 autem,

363 443 462 521 qui
483 438 634 499 smffl
659 436 818 498 causa
837 437 1115 509 laborent,
1136 436 1471 515 complures
1488 456 1595 497 ne·

361 522 632 589 ceffarios.
679 526 788 585 hoc
820 542 909 581 me
936 542 1059 583 non
1086 519 1199 579 fine
1226 519 1395 581 causa
1430 519 1591 583 fiee-

363 632 424 671 re
439 654 458 685 ,
493 629 674 689 neque
705 607 891 686 aliqua
922 605 1037 666 levi
1072 607 1381 667 ambitione
1416 626 1589 669 eom·

363 710 580 759 motum
593 716 627 753 a
649 709 704 753 te
726 691 1086 753 contenderet
1108 688 1205 751 etfi
1220 690 1589 753 oeexiffima·

295 802 304 807 ·
363 802 422 843 re
453 781 724 841 arbitron
753 794 941 839 tamen
965 778 1098 837 mihi
1124 776 1424 838 affirmanti
1456 799 1585 839 cre-

361 866 460 927 das
477 866 754 940 velim‚me
768 865 899 923 huic
912 863 1219 941 municipio
1230 862 1437 923 debere
1450 866 1583 945 plu-

365 954 598 1015 rimumz
633 950 846 1009 nullum
870 969 1112 1027 unquam
1140 946 1293 1007 fuisse
1322 964 1579 1030 tempus,

365 1058 547 1119 neque
581 1040 861 1097 honorum
874 1077 893 1108 ‚
924 1054 1104 1113 neque
1132 1034 1389 1093 laborum
1416 1056 1577 1097 meo-

365 1146 512 1198 rum,
535 1126 598 1183 in
611 1139 726 1201 quo
743 1140 863 1181 non
886 1119 1053 1197 hujus
1076 1121 1368 1201 municipii
1405 1118 1577 1183 studi-

365 1232 460 1271 um
475 1212 538 1269 in
551 1228 639 1269 me
651 1208 899 1267 extiterit
910 1204 1199 1284 angulare.
1224 1224 1579 1288 quapropter

367 1318 400 1357 a
427 1311 484 1357 te
503 1296 670 1355 etiam
689 1310 856 1373 atque
877 1294 1063 1367 etiam,
1086 1312 1191 1372 pro
1206 1290 1397 1353 nostra
1422 1292 1575 1356 sum-

366 1402 456 1441 ma
471 1381 1105 1459 conjunfflone,proque
1120 1394 1215 1437 tua
1229 1380 1573 1441 benevolen-

365 1468 464 1543 tia,
489 1466 754 1543 majorem
775 1468 835 1525 in
860 1465 1087 1525 modum
1100 1479 1235 1544 peto
1250 1481 1419 1545 atque
1430 1487 1569 1527 con·

366 1552 562 1627 tende,
585 1567 668 1625 ut,
702 1569 823 1611 cum
847 1550 1101 1611 fortunas
1128 1552 1219 1628 agi
1242 1551 1369 1629 ejus
1382 1554 1567 1614 muni·

365 1638 811 1719 cipiiintelliga8‚
839 1636 995 1716 quod
1026 1634 1089 1695 fit
1118 1637 1255 1695 mihi
1284 1638 1563 1699 necestita-

365 1726 518 1799 dine,
541 1724 762 1796 officiis,
784 1722 1171 1783 benevolentia
1190 1723 1563 1799 conjunffiffi-

363 1833 540 1885 mum,
555 1810 610 1869 id
629 1811 762 1869 mihi
778 1809 901 1869 des,
942 1808 1097 1887 quod
1110 1807 1215 1867 erit
1229 1808 1562 1886 hujusmodi,

364 1912 451 1971 ut,
482 1894 520 1955 fi
542 1917 575 1955 a
599 1894 850 1969 Caesare,
878 1895 1031 1975 quod
1063 1892 1365 1973 speramus,
1392 1896 1559 1976 impe·

363 1984 648 2055 antimus,
671 1996 770 2039 tuo
792 1979 1056 2041 beneficio
1086 1998 1193 2037 nos
1212 1980 1273 2038 id
1304 1981 1557 2041 consem-

365 2084 458 2129 ωε
473 2064 576 2127 effe
585 2066 916 2144 judicemus·
948 2064 1026 2125 fin
1044 2067 1251 2124 minus:
1278 2087 1381 2142 pro
1396 2088 1459 2127 eo
1477 2082 1555 2127 ta·

363 2176 492 2217 meu
508 2154 562 2214 id
588 2154 899 2227 habeamus„
930 2172 1055 2211 cum
1072 2172 1104 2211 a
1120 2167 1173 2211 te
1188 2151 1318 2211 data
1336 2150 1400 2211 fit
1426 2174 1552 2233 ope·

363 2262 450 2313 ra,
465 2256 528 2301 ut
543 2243 978 2319 impetraremus,
1022 2241 1133 2297 hoc
1146 2258 1273 2297 eum
1290 2240 1421 2297 mihi
1434 2260 1551 2317 gra-

363 2326 614 2391 tiffimum
629 2324 842 2383 fecerim
871 2340 989 2383 tum
1003 2325 1157 2383 viros
1174 2326 1437 2403 optimos,
1456 2328 1551 2385 ho-

359 2410 541 2470 mines
557 2408 975 2482 honestiffimos,
996 2406 1327 2488 eosdemque
1338 2411 1551 2486 gratissi·

358 2510 482 2553 mos
493 2532 514 2569 ,
551 2508 607 2553 et
652 2508 748 2555 tua
779 2486 1169 2557 n‘ecessitudine
1204 2494 1553 2575 digniffimos,

1284 2644 1319 2701 0
