1709 3084
453 209 778 269 EPIST.
817 222 959 266 nn.
982 220 1103 265 xv.
1223 220 1345 283 3-43

16 312 19 343 ⁵
131 323 268 389 gem
281 305 492 368 deferre
504 306 697 369 debere
699 308 883 387 ,eique
897 302 1217 385 praefidium
1230 326 1350 367 me-

14 422 17 427 ’
133 416 261 471 um,
275 410 332 453 et
346 393 596 468 fidem‚et
611 392 951 479 diligentiam
964 390 1241 473 polliceri·
1260 407 1345 465 ut,

14 510 19 517 ·
134 481 371 561 quando
385 479 528 539 salus
544 478 731 560 ipfius,
746 494 801 537 et
801 468 1171 538 incolumitas
1188 478 1351 557 regni

12 586 19 605 '-
132 568 280 627 mihi
295 566 680 629 commendata
695 562 823 625 ess'et
845 585 897 623 a
908 565 1093 637 vobis,
1118 564 1348 639 diceret,

133 650 182 713 fi
199 652 336 731 quid
350 651 536 715 vellet.
583 672 724 733 quae
741 670 873 713 cum
884 648 1091 711 effem
1076 671 1139 710 ιιι
1169 648 1352 712 confi-

11 768 16 775 ·
133 738 224 802 lio
239 758 364 799 meo
381 758 510 798 cum
527 758 651 815 rege
665 738 908 799 locutus:
935 736 1209 797 initioille
1222 756 1352 797 ora·

10 830 14 863 ²
135 826 317 885 tionis
333 822 458 885 suae
473 826 634 885 vobis
649 826 939 897 maximae,
956 837 1022 882 ut
1034 822 1245 901 debuit,
1256 822 1355 885 de-

9 920 12 943 ³
135 910 274 973 inde
287 912 451 973 etiam
467 912 601 971 mihi
615 912 818 990 gratias
834 912 971 989 egit.
989 908 1139 989 quod
1155 912 1205 969 ei
1222 931 1351 993 per·

8 1028 10 1035 ·
133 1018 402 1076 mag-num
439 1012 494 1057 et
525 996 1001 1077 perhonorificum
1034 996 1351 1075 videbatur,

6 1116 10 1125 v·
135 1085 391 1161 Senatui,
404 1083 724 1164 populoque
747 1089 1005 1144 Romano
1036 1096 1246 1149 tantae
1256 1104 1355 1144 eu·

137 1169 348 1231 raeess’e
361 1167 586 1231 salutem
602 1167 774 1230 suam·
807 1188 1006 1251 meque
1024 1184 1237 1229 tantam
1262 1170 1353 1231 di·

135 1256 421 1337 ligentiam
451 1256 728 1333 adhibere,
763 1270 836 1317 ut·
864 1271 921 1316 et
957 1276 1079 1316 mea
1108 1253 1265 1335 fides,
1296 1270 1357 1317 et

137 1343 642 1411 commendationis
675 1340 881 1405 vestrae
904 1344 1199 1405 austeritas
1224 1364 1355 1423 per·

137 1430 272 1521 spici
293 1428 498 1511 ροῙΓοι
521 1446 686 1511 atque
700 1430 792 1489 ille
814 1430 1020 1511 primo,
1040 1430 1195 1510 quod
1211 1432 1354 1491 mihi

133 1520 408 1579 maximae
433 1517 674 1577 laetitiae
696 1516 867 1591 fuit,
849 1532 931 1579 ita
953 1536 1168 1577 mecum
1186 1516 1350 1578 locu-

132 1620 228 1665 tus
243 1602 340 1680 est,
357 1618 420 1663 ut
435 1601 614 1664 nullas
630 1600 849 1663 infidias
862 1623 1041 1682 neque
1049 1604 1195 1663 vitae
1208 1602 1353 1679 suae,

133 1710 507 1771 nequeregno
522 1687 730 1750 diceret
749 1688 802 1751 se
817 1704 913 1751 aut
930 1687 1235 1768 intelligere
1252 1689 1349 1751 fie-

133 1779 208 1851 ri,
230 1791 326 1837 ant
337 1778 504 1837 etiam
519 1772 792 1857 suspicari.
825 1798 953 1839 eum
969 1796 1075 1853 ego
1094 1777 1144 1835 ei
1158 1792 1347 1853 gratu-

35 1886 44 1891 ·
131 1864 278 1925 latus
292 1859 474 1938 effem,
494 1860 664 1945 idque
693 1882 780 1923 me
805 1862 1041 1942 gaudere
1072 1861 1349 1941 dixiffem,

131 1952 485 2025 cohortatus,
507 1964 572 2011 ut
595 1949 973 2011 recordaretur
992 1946 1174 2011 casum
1192 1950 1351 2011 illum

131 2037 397 2099 interitus
411 2038 648 2117 patern1‚
671 2052 726 2097 et
747 2036 1045 2114 vigilanter
1095 2032 1149 2097 se
1178 2052 1359 2098 tuere-

131 2140 249 2197 tur,
271 2138 442 2205 atque
463 2122 756 2185 admonitu
781 2120 1002 2183 senatus
1034 2121 1348 2185 consuleret

131 2208 296 2272 saluti
311 2207 454 2270 suae:
473 2225 590 2270 tum
605 2230 638 2270 a
653 2228 742 2269 me
757 2206 989 2275 diseessit
1003 2212 1064 2269 in
1081 2209 1353 2292 oppidum

134 2294 406 2377 Cybistra.
452 2294 670 2377 postero
702 2312 887 2357 autem
916 2293 1005 2356 die
1026 2316 1154 2357 cum
1184 2298 1354 2371 Aria·

133 2384 313 2457 rethe,
335 2381 506 2443 fratre
520 2380 640 2459 suo,
655 2400 712 2443 et
725 2403 854 2443 cnm
872 2384 1119 2462 paternis
1130 2384 1363 2461 amicis‚·

137 2469 446 2547 majoribus
464 2485 622 2545 natu,
649 2468 720 2529 ad
751 2490 839 2529 me
870 2471 931 2531 in
964 2467 1133 2531 castra
1155 2471 1350 2531 venitz

136 2554 593 2639 perturbatusque
606 2572 666 2617 et
681 2556 842 2631 flens,
851 2576 993 2631 snm
1008 2556 1153 2623 idem
1174 2571 1230 2618 et
1244 2554 1359 2623 fra·
