1709 3084
457 139 784 200 EPIST.
837 155 1073 198 mmx.
1264 141 1341 207 81

141 239 336 302 Srcere
361 235 664 318 praestantia
691 240 798 298 mei
821 239 1101 298 exercitus
1122 237 1346 318 possem.

137 330 334 408 itaque
363 328 423 385 in
447 325 616 402 Isa'ra,
647 327 875 386 flumine
896 326 1167 403 maximo,
1198 330 1355 407 quod

132 415 196 475 in
239 414 448 473 finibus
477 411 556 472 est
585 412 973 492 Allobrogum,
1002 428 1202 494 ponte,
1231 435 1353 477 uno

129 502 232 564 die
252 500 424 575 fastu,
445 501 750 560 exercitum
769 521 822 559 a.
853 501 913 561 d.
940 515 1199 579 quartum
1224 501 1351 565 idus

130 590 282 650 Maii
297 586 544 648 traduxi.
579 607 708 647 cum
721 605 859 648 vero
880 589 1017 646 mihi
1034 590 1351 654 nuntiatum

127 673 293 749 esset,
325 679 398 735 L.
429 675 745 734 Antonium
775 673 1119 754 praemiss'um
1142 696 1267 738 cum
1288 699 1349 738 e·

129 763 391 845 quitibus
429 776 487 821 et
515 762 838 822 cohortibus
870 761 941 821 ad
972 767 1179 824 Forum
1200 765 1351 842 'Julii

127 847 386 920 veniflb:
423 847 648 910 fratrem
683 867 808 909 cum
831 851 1082 930 equitum
1104 866 1351 930 quatuor

126 937 410 1012 millibus,
420 951 483 996 ut
495 951 810 998 occurreret
823 937 898 1012 ei,
905 934 1025 995 mifi
1040 955 1092 996 a.
1108 937 1167 997 d.
1180 941 1350 1018 quin·

127 1042 259 1087 tum
284 1022 409 1083 idus
436 1025 598 1084 Maii.
643 1020 756 1103 ipse
777 1024 1038 1083 maximis
1060 1025 1350 1087 itineribus

125 1132 265 1176 cum
281 1125 526 1191 quatuor
535 1109 851 1188 legionibus
867 1108 1165 1190 expeditis,
1188 1125 1246 1172 et
1261 1133 1351 1173 re·

125 1201 294 1281 liquo
309 1200 557 1278 equitatu
572 1195 887 1278 subsequar.
932 1195 973 1258 fi
995 1217 1105 1259 nos
1128 1199 1347 1262 medio·

128 1289 247 1349 cris
263 1285 440 1348 modo
453 1285 681 1348 fortuna
695 1286 1026 1365 reipublicae
1042 1285 1342 1366 adjuverit;

131 1391 192 1436 et
205 1373 466 1435 audaciae
487 1372 850 1456 perditorum,
872 1388 931 1434 et
953 1371 1169 1435 nostrae
1192 1374 1347 1437 solli-

40 1467 42 1472 ’
129 1461 401 1524 citudinis
415 1463 506 1521 hic
527 1459 694 1522 finem
715 1463 1073 1542 reperiemus.
1120 1463 1276 1542 quod
1304 1461 1349 1524 fi

129 1550 306 1626 latro,
329 1552 694 1634 praecognito
717 1547 909 1609 nostro
930 1547 1199 1624 adventu,
1220 1569 1351 1610 rur·

129 1636 224 1700 sus
237 1639 302 1697 in
322 1636 536 1698 Italiam
559 1635 613 1696 se
635 1637 875 1717 recipere
898 1636 1165 1715 coeperit,
1186 1639 1349 1697 Bruti

131 1727 242 1786 erit
269 1723 537 1802 officium,
560 1719 850 1785 occurrei‘e
870 1723 953 1782 eit
984 1722 1076 1782 cui
1105 1719 1219 1782 scio
1238 1743 1348 1786 nec

131 1809 448 1887 confilium,
474 1831 579 1874 nec
593 1812 840 1872 animum
862 1805 1197 1871 defuturum.
1236 1833 1347 1890 ego

132 1916 347 1975 tamen,
366 1896 407 1959 fi
422 1897 478 1958 id
501 1897 780 1975 acciderit,
807 1896 1029 1958 fratrem
1044 1916 1169 1958 cum
1184 1901 1345 1979 equi-

134 2002 253 2048 tatu
267 1987 512 2062 mittam,
535 1987 632 2066 qui
649 1983 929 2066 sequatur,
957 1983 1175 2046 Italiam
1190 2007 1223 2046 a
1241 2007 1345 2048 va·

131 2071 369 2136 statione
383 2072 664 2134 defendat.
688 2071 775 2135 fac
787 2073 997 2151 valeas,
1006 2091 1205 2153 meque
1219 2093 1345 2136 mu·

130 2176 236 2223 tuo
259 2159 480 2240 diligas.

438 2353 712 2398 c1cERo
745 2353 1051 2399 PLANCO.

63 2439 115 2484 16
223 2421 386 2482 Nihil
418 2421 538 2503 post
567 2424 859 2485 hominum
884 2421 1206 2484 memoriam
1221 2423 1346 2502 glo-

131 2505 358 2590 riofius,
373 2510 512 2572 nihil
528 2512 764 2660 gratias,
773 2529 846 2678 ζι-
860 2525 1109 2596 tempore
1122 2511 1346 2598 quidem
