1709 3084
453 163 774 224 nrts‘r.
827 177 967 226 ιη.
1002 177 1073 224 x.
1271 169 1349 250 ες

147 255 310 346 quod
323 259 518 320 habere
533 256 706 342 posset
721 261 1207 320 obtrectationem.
1251 263 1356 322 ita-

149 369 266 432 que
289 344 406 430 post
419 343 696 408 discessum
709 345 1042 424 legatorum,
1068 366 1195 407 eum
1208 347 1363 410 binis

147 435 442 500 continuis
457 432 634 493 literis
647 448 704 491 et
727 433 968 514 Lepidus
990 453 1079 493 me
1108 449 1174 494 ut
1200 435 1361 496 veni-

147 543 273 586 rem
301 534 550 600 rogaret,
571 533 630 580 et
657 517 963 581 Laterensis
994 521 1175 582 multo
1197 523 1363 584 etiam

147 610 361 690 magis,
403 625 581 688 prope
617 605 949 688 implorans,
983 605 1365 687 obtestaretur,

150 717 280 760 non
295 693 466 755 ullam
489 713 605 755 rem
619 692 782 754 aliam
806 693 1171 757 extimescens
1194 715 1365 777 quam

143 781 418 858 eandem,
449 801 592 861 quae
618 782 758 843 mihi
777 801 1003 864 quoque
1032 782 1167 844 facit
1196 785 1367 846 timo-

151 893 300 947 rem,
315 869 646 936 ‚varietatem
669 883 838 950 atque
864 867 1241 931 infidelitatem
1264 890 1367 932 ex-

149 957 370 1022 ercitus
413 955 536 1034 ejus
555 975 575 1015 ε
627 973 750 1014 non
785 953 1151 1016 dubitandum
1178 959 1372 1038 putavi

151 1048 301 1130 quin
335 1041 734 1115 succurrerem,
751 1060 953 1122 meque
972 1045 1254 1103 communi
1276 1063 1371 1126 pe-

153 1131 346 1196 riculo
361 1127 644 1191 offerrem.
685 1126 915 1190 sciebam
937 1129 1109 1208 enim,
1130 1127 1225 1192 etfi
1240 1151 1371 1194 cau-

24 1221 28 1230 '
152 1224 276 1284 tius
291 1216 436 1280 illud
449 1217 566 1278 e‘rat
579 1214 891 1295 confilium,
898 1221 1186 1300 expectare
1198 1239 1286 1280 me
1300 1219 1373 1282 ad

155 1303 524 1382 Isaram,dum
537 1311 739 1366 Brutus
755 1306 1032 1385 trajiceret
1046 1307 1369 1384 exercitum,

156 1413 223 1459 et
265 1413 396 1455 cum
435 1391 646 1472 collega
681 1390 1087 1470 consentiente,
1123 1396 1371 1455 exercitu

160 1478 462 1556 concordi,
483 1494 541 1539 et
551 1482 694 1540 bene
709 1479 776 1540 de
792 1479 1069 1562 republica
1084 1478 1377 1557 sentiente,

159 1567 416 1632 hostibus
438 1567 662 1628 obviam
685 1568 795 1628 ire:
822 1582 1032 1642 tamen,
1052 1565 1093 1626 si
1115 1566 1250 1646 quid
1267 1571 1376 1627 Le·

160 1657 336 1742 pidus
366 1655 508 1715 bene
529 1651 770 1715 sentiens
793 1652 1113 1714 detrimenti
1138 1649 1379 1734 cepiss’et,

161 1749 280 1807 hoc
300 1763 470 1804 omne
489 1741 807 1820 affignatum
831 1741 902 1800 iri
925 1754 1021 1799 aut
1048 1740 1381 1822 pertinaciae

163 1849 349 1906 meae,
369 1843 466 1889 aut
487 1825 678 1890 timori
705 1826 985 1904 videbam,
1004 1820 1045 1888 fi
1070 1842 1169 1888 aut
1196 1829 1380 1889 homi·

167 1939 303 1980 nem
317 1913 592 1980 offensum
605 1915 763 1992 mihi,
777 1914 1142 1994 conjunctum
1156 1936 1283 1977 eum
1298 1935 1383 1976 re·
1406 1925 1412 1932 '

169 2004 395 2089 publica
415 2022 538 2064 non
560 2001 908 2064 sublevass'em
928 2024 947 2076 ;
974 2017 1066 2063 aut
1082 1999 1197 2084 ipse
1211 2023 1245 2062 a
1260 2021 1383 2062 cer·

167 2092 388 2154 tamine
410 2088 542 2150 belli
564 2104 680 2151 tam
701 2087 977 2150 necess'arii
998 2109 1087 2165 me
1116 2085 1385 2150 removis-

171 2178 308 2241 sem.
362 2177 552 2256 itaque
579 2177 768 2258 potius
799 2175 1101 2258 periclitari
1126 2174 1307 2251 volui,
1342 2172 1387 2236 fi

173 2262 357 2349 posset
377 2283 498 2324 mea
518 2259 820 2344 praesentia
841 2279 901 2323 et
922 2259 1195 2344 Lepidum
1218 2261 1387 2340 tueri,

173 2368 234 2414 et
255 2351 562 2412 exercitum
575 2348 748 2410 facere
769 2350 1079 2426 meliorem,
1100 2367 1267 2429 quam
1298 2350 1387 2424 ni·

175 2440 288 2502 mis
305 2454 498 2500 cautus
511 2437 710 2498 videri.
733 2433 1109 2498 sollicitiorem
1124 2439 1273 2497 cer'te
1286 2437 1393 2494 ho-

175 2525 396 2597 minem
409 2543 530 2591 non
543 2521 654 2590 suis
669 2525 969 2595 contractis
985 2522 1265 2587 neminem
1284 2537 1393 2599 pus
