1709 3084
403 184 731 241 EPIST.
785 199 925 242 ιιιι.
957 200 1091 242 xu.
1236 203 1349 266 193

27 339 44 358 N
117 283 213 341 he
234 281 300 340 in
317 277 416 340 suo
427 279 710 342 consulatu
729 281 865 340 mihi
883 277 1219 344 succedatur.
1250 303 1359 361 ego

120 387 322 448 porro
337 366 698 444 non,medius
715 365 904 442 fidius,
914 367 1217 448 cupiditate
1229 389 1361 450 pro·

113 455 366 515 vinciae
381 453 613 535 produci
627 453 856 532 longius
866 451 1099 535 spatium
1114 457 1361 516 mihi'vo-

118 543 224 602 lo:
253 561 384 602 nam
397 542 542 601 mihi
562 539 668 600 fuit
681 539 780 600 ista
793 542 1083 622 provincia
1095 542 1261 624 plena
1275 543 1359 604 la·-

113 628 320 704 boris,
345 626 598 709 periculi,
621 627 963 690 detrimenti.
1004 649 1145 709 quae
1156 650 1263 710 ego
1278 651 1357 692 ne

113 712 336 776 frustra
359 712 636 792 subierim,
659 735 808 776 neve
828 717 1010 796 priua,
1030 735 1201 796 quam
1218 717 1349 778 reli·

115 798 298 882 qnias
327 820 483 862 meae
503 799 818 879 diligentiae
839 799 1168 884 consequar,
1188 803 1353 866 dece·

115 889 267 950 dere
281 907 472 966 cogar,
491 887 657 948 valde
672 887 893 949 laboro.
938 909 1069 950 nam
1082 887 1121 949 fi
1138 887 1351 972 potuis·

119 973 272 1052 sem,
293 995 462 1055 quam
475 993 766 1052 exegeram
781 977 1094 1056 pecuniam,
1116 979 1345 1039 univer-

121 1059 248 1122 sam
264 1063 506 1138 mittere,
521 1058 850 1142 postularem
868 1076 929 1121 ut
942 1064 1081 1122 mihi
1094 1059 1348 1126 succede—

123 1163 310 1208 retur.
327 1169 502 1225 nunc,
512 1146 667 1228 quod
679 1147 855 1208 camo
868 1147 1019 1226 dedi,
1029 1148 1183 1230 quod
1199 1157 1345 1212 Tre·

123 1236 296 1296 bonii
315 1250 496 1296 morte
519 1232 818 1312 amifinius,
839 1234 997 1315 quod
1018 1237 1185 1298 etiam
1212 1257 1341 1299 cru·

121 1322 358 1384 delimate
391 1321 736 1400 Dolabellae,
759 1338 856 1382 aut
876 1321 1100 1403 perfidia
1124 1345 1343 1402 eorum,

125 1411 236 1490 qui
248 1410 386 1470 mihi
397 1404 560 1470 fidem
575 1410 766 1489 reique
778 1409 1025 1490 publicae
1040 1431 1161 1470 non
1178 1431 1339 1493 prae-

125 1496 412 1572 stiterunt,
450 1493 510 1558 id
537 1494 825 1577 consequi
833 1510 893 1555 et
928 1494 1147 1557 reficere
1174 1497 1336 1562 volo.

125 1581 290 1664 quod
311 1581 471 1644 aliter
483 1603 606 1644 non
627 1581 804 1666 potest
818 1581 960 1656 fieri,
982 1567 1083 1643 ni'fi
1104 1582 1339 1664 spatium

127 1672 396 1732 habuero.
440 1669 500 1731 id
515 1684 578 1730 ut
600 1691 700 1750 per
719 1685 776 1730 te
795 1666 1125 1750 consequar,
1146 1670 1340 1748 velim,

125 1771 198 1819 ut
211 1755 370 1833 solet,
391 1758 496 1818 tibi
509 1776 670 1818 curae
683 1753 770 1819 fit.
816 1776 926 1835 ego
940 1777 1029 1816 me
1042 1755 1113 1818 de
1134 1758 1337 1839 repub·

129 1845 240 1906 lica
253 1859 392 1926 puto
405 1841 510 1904 effe
522 1844 863 1919 meritum,ut
876 1863 997 1903 non
1011 1845 1340 1925 provinciae

131 1929 284 1992 istius
304 1929 632 2006 beneficium
659 1934 947 2010 expectare
966 1931 1217 2009 debeam,
1242 1929 1337 1994 sed

134 2033 377 2093 tantum,
399 2031 672 2098 quantum
689 2017 899 2078 caffius
920 2033 979 2078 et
998 2019 1180 2095 Bruti,
1210 2037 1334 2082 non

131 2103 308 2168 solum
337 2103 486 2166 illius
515 2105 664 2180 faeti,
684 2103 1023 2185 periculique
1052 2101 1333 2181 societate,

129 2191 222 2254 sed
241 2192 406 2252 etiam
426 2193 594 2270 hujus
617 2193 885 2272 temporis
908 2189 1107 2266 studio,
1133 2205 1191 2250 et
1214 2192 1337 2252 vir-

131 2293 272 2339 tute.
311 2274 522 2358 primus
535 2279 686 2340 enim
693 2297 800 2358 ego
813 2276 960 2356 leges
977 2278 1333 2338 Antonianas

132 2364 294 2443 fregi·
311 2368 541 2445 primus
571 2367 879 2446 equitatum
908 2363 1229 2424 Dolabellae
1258 2363 1331 2424 ad

133 2452 513 2532 rempublicam
527 2452 772 2528 traduxi,
793 2451 1079 2532 Cassioque
1092 2449 1326 2511 tradidi·
1308 2493 1327 2512 .

130 2540 338 2622 primus
351 2537 588 2604 delcetus
595 2540 760 2602 habui
773 2559 879 2621 pro
894 2535 1065 2602 salute
1076 2537 1331 2602 omnium

683 2631 713 2688 1
763 2644 799 2691 2
