1709 3084
474 119 1370 196 EPIST.1.1n.x1.127

159 216 490 297 quieturos?
514 237 634 278 non
649 216 911 276 debemus
926 217 1185 296 cuiquam
1198 218 1375 282 videri

157 304 404 365 nimium
420 303 611 382 cupidi
634 306 804 379 vitae,
833 322 961 362 cum
992 301 1239 364 accidere
1268 326 1373 368 no·

155 389 247 454 his
263 388 409 450 nihil
425 389 584 470 possit
599 388 712 450 fine
726 387 969 468 pernicie
982 404 1042 450 et
1056 388 1377 454 confusione

155 477 422 542 omnium
433 495 640 538 rerum.
685 475 827 538 vale.

161 659 170 668 '
227 668 510 715 taurus
543 673 634 714 ετ
665 669 957 716 cAsqus
988 671 1296 722 ΡιΑεττ.

408 759 736 802 Ana-omo
769 759 852 801 co
870 761 922 802 s.
957 760 1010 800 S.
1043 759 1108 802 n.

106 840 136 886 3
241 825 302 886 si
323 823 500 900 valet,
531 828 674 888 bene
693 824 791 888 est.
850 826 1038 886 literas
1072 842 1195 889 tuas
1225 829 1366 910 legi·

145 929 302 987 mus,
335 909 630 974 simillimas
661 913 824 974 edicti
853 913 960 986 tui,
988 915 1364 977 contumelio-

142 995 260 1072 fits,
281 1000 554 1076 minaces,
576 1001 806 1063 minime
825 998 1051 1077 dignas,
1080 1019 1221 1079 quae
1252 1023 1285 1062 a
1308 1017 1365 1066 te

141 1085 320 1144 nobis
335 1087 708 1147 mitterentur.
741 1105 875 1162 nos,
897 1087 1140 1162 Antoni,
1163 1101 1217 1146 te
1239 1089 1365 1150 nul·

139 1169 198 1232 la
209 1170 573 1235 lacessivimus
589 1174 818 1252 injuria;
839 1191 1021 1252 neque
1034 1173 1362 1238 miraturum

141 1257 506 1334 credidimuS,
534 1257 576 1320 fi
596 1276 881 1339 praetores
912 1274 970 1320 et
998 1279 1061 1320 ea
1090 1257 1362 1338 dignitate

139 1345 408 1406 homines
445 1345 651 1425 aliquid
681 1347 859 1408 edicto
888 1345 1295 1426 postulassemus
1326 1370 1361 1410 ι

139 1431 395 1493 consule.
442 1432 593 1513 quod
610 1431 650 1494 fi
663 1433 973 1513 indignaris
990 1431 1149 1494 ausos
1170 1433 1274 1494 effe
1296 1435 1357 1495 id

137 1517 346 1594 facere,
369 1519 612 1580 concede
639 1521 833 1595 nobis,
861 1534 925 1580 ut
952 1517 1261 1594 doleamus,
1284 1541 1359 1582 ne

138 1607 254 1666 hoc
267 1605 496 1684 quidem
515 1607 612 1665 abs
630 1622 683 1666 te
699 1613 874 1678 Bruto
891 1621 946 1666 et
969 1606 1145 1665 Cassio
1162 1608 1355 1668 tribui.

137 1711 278 1752 nam
293 1691 364 1752 de
373 1691 669 1754 delectibus
685 1694 889 1753 habitis
893 1707 971 1768 ,et
985 1694 1234 1770 pecuniis
1250 1692 1357 1754 im»

137 1779 377 1860 peratis,
391 1781 724 1842 exercitibus
739 1778 1070 1854 sollicitatis,
1086 1794 1143 1837 et
1159 1781 1356 1840 nunti-

135 1866 190 1926 is
207 1880 368 1926 trans
383 1886 533 1929 mare
547 1867 734 1942 miffis,
755 1863 908 1947 quod
922 1881 979 1938 te
991 1863 1235 1946 questum
1249 1865 1355 1928 este

138 1970 340 2031 nega„
366 1973 475 2013 nos
490 1951 712 2034 quidem
729 1954 828 2014 tibi
841 1951 1115 2013 credimus
1130 1956 1351 2035 optimo

136 2041 334 2102 animo
349 2054 405 2100 te
420 2037 598 2100 feciss'e
615 2063 634 2112 ;
659 2037 748 2102 fied
760 2056 943 2100 tamen
960 2060 1138 2120 neque
1152 2039 1353 2120 agnon-

135 2128 321 2188 cimus
345 2125 651 2206 quidquam
673 2147 893 2202 eorum,
916 2141 972 2186 et
988 2143 1041 2186 te
1063 2128 1349 2202 miramur,

133 2231 268 2274 cum
289 2217 422 2274 haec
446 2213 752 2289 reticueris,
773 2235 893 2272 non
910 2210 1141 2291 potuiffe
1161 2214 1351 2272 conti-

135 2319 278 2359 nere
308 2298 656 2360 iracundiam
687 2313 865 2376 tuam,
901 2300 1038 2378 quin
1076 2299 1239 2360 nobis
1279 2298 1349 2360 de

133 2401 320 2446 morte
369 2384 618 2446 Caesaris
663 2387 955 2464 objicere&
1029 2384 1167 2445 illud
1208 2406 1354 2446 vero

134 2471 606 2560 quemadmodum
627 2471 920 2534 ferendum
941 2469 1031 2552 fit,
1050 2487 1169 2534 tute
1190 2473 1353 2560 cogi-f
