1709 3084
358 168 480 242 176
603 173 730 230 AD
757 171 1365 232 FAMILIARES

349 285 595 352 portere.
639 265 844 329 summa
857 268 979 329 laus
1001 283 1059 328 et
1072 283 1191 342 tua,
1212 283 1271 328 et
1284 270 1455 330 Bruti
1470 268 1581 347 est,

352 357 510 438 quod
533 356 838 415 exercitum
868 371 1083 438 praeter
1112 352 1261 436 spem
1292 355 1586 418 existima-

357 445 500 505 mini
514 438 863 523 comparasse.
894 439 1179 502 scriberem
1198 441 1381 523 plura,
1398 441 1441 502 fi
1458 463 1585 505 rem

359 528 686 607 causamque
715 523 946 590 noll‘cm.
1008 549 1162 590 nunc
1197 548 1343 608 quae
1368 527 1583 605 scribo,

360 615 542 678 scribo
557 637 629 675 ex
639 616 909 696 opinione
922 616 1214 677 hominum
1226 617 1583 695 atquefima.

365 717 490 764 tuas
503 703 690 775 literas
705 700 867 762 avide
880 707 1132 784 expedio·
1178 702 1329 763 vale.

535 895 608 936 M.
631 893 694 936 τ.
720 893 779 935 c.
806 894 867 935 c.
890 894 1133 943 cassro
1171 895 1226 936 s.
1248 871 1309 936 ι’».
1332 895 1406 936 n.

367 985 372 989 ·
435 967 710 1043 Hyemem
728 962 894 1022 credo
909 961 1087 1022 adhuc
1103 960 1582 1042 prohibuisti-‚quo
1604 989 1624 1032 5

371 1052 558 1113 minus
589 1047 656 1108 de
679 1063 732 1108 te
753 1063 964 1108 certum
986 1051 1333 1125 haberemus,
1355 1049 1500 1128 quid
1527 1070 1583 1107 a·

373 1157 530 1216 geres
535 1180 554 1212 ‚
569 1136 913 1217 maximeque
927 1137 1021 1196 ubi
1036 1133 1187 1196 effes.
1213 1136 1589 1215 loquebantur

375 1218 580 1283 omnes
604 1237 811 1297 tamen,
833 1219 1024 1299 cred0,
1042 1223 1195 1303 quod
1210 1222 1504 1297 volebant,
1528 1224 1585 1280 in

375 1310 536 1388 Syria
551 1323 606 1368 te
629 1307 755 1383 effe,
781 1311 981 1368 habere
992 1303 1213 1390 copias.
1246 1308 1307 1368 id
1323 1325 1506 1368 autem
1520 1329 1587 1368 eo

379 1395 596 1456 facilius
616 1393 959 1472 credebatur,
982 1399 1115 1475 quia
1144 1393 1313 1456 fimile
1333 1415 1473 1456 vero
1504 1397 1587 1454 vi·

381 1480 636 1543 debatur.
683 1485 887 1541 Brutus
917 1482 1139 1562 quidem
1162 1481 1345 1542 noster
1374 1483 1587 1560 egregi·

382 1590 476 1629 am
497 1568 711 1627 laudem
727 1565 1159 1630 estconsecutus.
1193 1589 1279 1628 res
1296 1571 1449 1628 enim
1466 1584 1585 1628 tan-

381 1671 476 1716 tas
489 1655 659 1733 geffit,
673 1669 896 1734 tamque
912 1657 1245 1737 inopinataS,
1268 1670 1333 1714 ut
1355 1675 1453 1714 eae
1466 1675 1589 1716 cum

383 1763 486 1822 per
500 1740 552 1799 se
566 1756 752 1818 gratae
765 1740 954 1816 efrem,
966 1757 1084 1802 tum
1100 1743 1410 1801 ornatiores
1427 1761 1589 1822 prop·

388 1843 474 1887 ter
487 1828 840 1888 celeritatem.
872 1829 1026 1908 quod
1042 1826 1080 1888 fi
1096 1844 1155 1888 tu
1174 1849 1235 1888 ea
1252 1843 1434 1902 tenes,
1456 1848 1591 1908 quae

385 1929 670 1994 putamus,
681 1917 896 1992 magnis
914 1913 1157 1976 subsidiis
1174 1914 1316 1975 fulta
1332 1912 1585 1995 respubli-

390 2020 456 2059 ca
469 1997 562 2059 est.
614 2019 647 2058 a
671 2003 848 2080 prima
862 2003 1011 2062 enim
1028 2023 1127 2062 ora
1150 2003 1413 2062 Graeciae
1426 1999 1589 2080 usque

390 2085 462 2145 ad
477 2091 815 2167 Aegyptum,
839 2090 1181 2168 optimorum
1203 2089 1588 2168 civiumjmpe·

387 2175 492 2234 riis
508 2175 709 2232 muniti
723 2175 929 2234 erimus
946 2190 1002 2234 et
1018 2177 1218 2257 copiis.
1252 2193 1589 2254 quanquam,

389 2259 493 2320 ulfi
508 2280 596 2324 me
609 2259 849 2336 fallebat,
873 2281 959 2320 res
974 2258 1029 2322 se
1048 2261 1121 2321 fic
1146 2261 1397 2334 habebat,
1422 2275 1483 2319 ut
1506 2277 1590 2320 to-

387 2348 505 2405 tius
521 2347 649 2404 belli
665 2369 832 2406 omne
846 2344 1133 2408 discrimen
1149 2350 1209 2408 in
1228 2353 1481 2407 D.Bruto
1496 2367 1590 2427 po-

389 2430 551 2488 fitum
582 2431 896 2493 videretur:
923 2437 1020 2512 qui
1042 2433 1106 2510 fi,
1134 2449 1199 2492 ut
1229 2431 1589 2514 sperabamuS,
1696 2453 1698 2462 ·

395 2513 648 2592 erupisset
663 2520 909 2599 Mutina,
940 2521 1080 2582 nihil
1102 2519 1229 2584 belli
1256 2519 1453 2602 reliqui
1475 2519 1588 2581 fore
