1709 3084
417 199 638 259 EPIS
661 200 742 258 T.
781 215 923 258 ιιι.
949 215 1132 260 xrr..
1231 199 1370 275 182.

144 296 498 378 gandemu33
541 315 660 360 tum
707 299 1102 380 instauratione
1140 314 1363 364 tuarum

145 385 404 462 laudum,
428 386 580 466 quod
595 387 869 446 maximus
885 383 1188 447 consularis
1203 405 1363 446 max-

149 474 332 532 imum
357 469 638 532 consulem
666 488 724 531 te
745 470 861 553 ipse
888 471 1083 546 vicisti,
1112 489 1173 534 et
1194 471 1363 534 laeta·

151 578 308 631 mur,
330 574 386 618 et
399 559 590 618 mirari
603 557 731 618 satis
746 579 869 620 non
884 557 1181 638 possumus.
1221 557 1362 620 fata·

153 645 218 706 le
227 642 414 706 nescio
437 644 572 724 quid
597 661 720 706 tuae
743 647 938 706 virtuti
953 645 1163 719 datum,
1194 643 1365 723 idque

153 729 318 812 saepe
333 731 452 810 jam
473 734 687 811 experti
717 730 922 792 sumus.
982 730 1058 792 est
1087 733 1237 792 enim
1269 749 1367 794 tue

155 833 296 896 toga
311 820 562 878 omnium
585 821 750 878 armis
765 817 977 879 felicior
996 841 1015 892 ς
1050 839 1189 897 quae
1210 839 1367 882 nunc

153 923 392 986 quoque
407 906 570 964 nobis
593 909 736 982 pene
753 907 951 966 vietam
974 904 1367 986 rempublicam

158 991 506 1052 exmanibus
522 989 756 1050 hostium
771 992 995 1070 eripuit,
1018 1011 1082 1050 ac
1106 989 1365 1052 reddidit.

157 1099 321 1140 nune
339 1097 474 1152 ergo
496 1078 752 1137 vivemus
773 1077 931 1136 liberi
946 1099 965 1138 ε
988 1097 1142 1138 nunc
1157 1093 1237 1152 te,
1252 1097 1382 1138 om-.

159 1165 324 1226 nium
345 1165 584 1238 maxime
605 1165 745 1224 civis
768 1179 826 1224 et
843 1165 981 1224 mihi
1002 1163 1281 1237 cariffime,
1310 1161 1393 1224 idv

157 1248 322 1334 quod
335 1251 573 1310 maxime
593 1250 917 1331 reipublicae
944 1251 1187 1312 tenebris
1210 1271 1371 1312 com·

159 1335 372 1420 peristi,
393 1358 546 1398 nnnc
575 1351 630 1398 te
650 1339 972 1398 habebimus
996 1337 1178 1399 testem
1195 1335 1373 1400 nostri

161 1441 228 1488 et
247 1426 308 1484 in
329 1438 405 1500 te,
427 1427 565 1485 etin
580 1425 1069 1503 conjunstissimam
1092 1426 1193 1486 tibi
1222 1445 1371 1486 rem·

165 1511 446 1594 publicam
461 1515 664 1572 amoris
677 1533 696 1572 2
719 1527 798 1588 et,
818 1532 959 1592 quae
974 1510 1129 1591 saepe
1150 1511 1374 1592 pollici-

165 1614 264 1660 tus
277 1619 358 1675 ez,
383 1613 440 1658 te
452 1614 508 1658 et
527 1600 842 1672 taciturum,
869 1597 1000 1658 dum
1026 1595 1371 1675 serviremus,

165 1701 226 1747 et
255 1685 520 1746 disturum
551 1684 619 1746 de
651 1705 740 1744 me
769 1700 911 1758 tum,
934 1705 1059 1746 cum
1082 1685 1217 1744 mihi
1238 1703 1373 1764 pro·

165 1771 358 1833 futura
393 1769 586 1848 essent,
630 1791 782 1830 nunc
811 1770 909 1830 illa
943 1791 1065 1830 non
1100 1789 1207 1849 ego
1244 1770 1375 1850 qui·

163 1858 296 1920 dem
311 1857 418 1919 dici
433 1873 724 1939 tantopere
738 1854 1240 1937 defiderabo‚quam
1250 1855 1373 1918 sen·

165 1946 266 2006 tiri
289 1966 322 2005 a
343 1959 400 2004 te
427 1943 567 2024 ipso.
622 1963 803 2023 neque
831 1945 980 2003 enim
1002 1945 1253 2006 omnium
1276 1945 1373 2022 ju-

164 2031 320 2093 dicio
335 2030 514 2093 malim
539 2051 626 2089 me
647 2053 680 2090 a
699 2046 756 2089 te
778 2029 1173 2105 commendari,
1204 2051 1375 2110 quam

163 2116 284 2201 ipse
307 2133 408 2178 tuo
423 2117 638 2195 judicio
659 2116 848 2194 digne,
872 2137 938 2176 ac
957 2136 1193 2191 mereor,
1216 2135 1373 2176 com·

165 2205 466 2267 mendams
489 2202 592 2264 effi:
617 2227 635 2264 ε
673 2219 738 2262 ut
767 2205 901 2264 haec
934 2202 1219 2262 novissima
1240 2200 1375 2262 nos,

167 2307 256 2352 tra
284 2291 450 2366 faeta,
470 2311 592 2350 non
615 2289 812 2363 subita,
831 2310 938 2349 nec
966 2287 1372 2348 inconvenien-

165 2381 271 2454 tia,
295 2375 384 2438 sed
407 2375 597 2436 fimilia
617 2376 728 2436 illis
754 2375 1209 2453 cogitationibus,
1233 2393 1373 2454 qua·

165 2483 293 2525 rum
309 2480 370 2524 tu
387 2462 532 2523 testis
549 2483 634 2538 ez,
654 2459 1056 2539 fuiffejudices,
1082 2479 1277 2539 meque
1300 2459 1373 2522 ad

164 2552 436 2633 optimam
451 2547 596 2633 spem
612 2550 822 2632 patriae
847 2567 969 2610 non
990 2548 1278 2612 minimum
1300 2547 1372 2607 ti·
