<?xml version="1.0" encoding="UTF-8"?>
<!DOCTYPE html PUBLIC "-//W3C//DTD XHTML 1.0 Transitional//EN"
    "http://www.w3.org/TR/xhtml1/DTD/xhtml1-transitional.dtd">
<html xmlns="http://www.w3.org/1999/xhtml" xml:lang="en" lang="en">
 <head>
  <title>
</title>
<meta http-equiv="Content-Type" content="text/html;charset=utf-8" />
  <meta name='ocr-system' content='tesseract 3.04.00' />
  <meta name='ocr-capabilities' content='ocr_page ocr_carea ocr_par ocr_line ocrx_word'/>
</head>
<body>
  <div class='ocr_page' id='page_1' title='image "./mtulliiciceroni13unkngoog_0251.png"; bbox 0 0 1709 3084; ppageno 0'>
   <div class='ocr_carea' id='block_1_1' title="bbox 97 194 1317 465">
    <p class='ocr_par' dir='ltr' id='par_1_1' title="bbox 97 194 1317 465">
     <span class='ocr_line' id='line_1_1' title="bbox 368 194 1315 279; baseline 0.011 -27"><span class='ocrx_word' id='word_1_1' title='bbox 368 196 1071 257; x_wconf 75' lang='lat' dir='ltr'><strong>EPIST.1.1n.x111.</strong></span> <span class='ocrx_word' id='word_1_2' title='bbox 1186 194 1315 279; x_wconf 64' lang='lat'>239⁴</span> 
     </span>
     <span class='ocr_line' id='line_1_2' title="bbox 99 290 1317 376; baseline 0.001 -19"><span class='ocrx_word' id='word_1_3' title='bbox 99 292 322 357; x_wconf 83' lang='lat' dir='ltr'>summo</span> <span class='ocrx_word' id='word_1_4' title='bbox 335 290 602 353; x_wconf 79' lang='lat' dir='ltr'>beneficio</span> <span class='ocrx_word' id='word_1_5' title='bbox 617 295 678 353; x_wconf 87' lang='lat' dir='ltr'>in</span> <span class='ocrx_word' id='word_1_6' title='bbox 693 309 1019 376; x_wconf 80' lang='lat' dir='ltr'>perpetuum</span> <span class='ocrx_word' id='word_1_7' title='bbox 1034 296 1157 375; x_wconf 86' lang='lat' dir='ltr'>tibi,</span> <span class='ocrx_word' id='word_1_8' title='bbox 1180 292 1317 358; x_wconf 82' lang='lat' dir='ltr'>tuis·</span> 
     </span>
     <span class='ocr_line' id='line_1_3' title="bbox 97 376 1307 465; baseline -0.003 -23"><span class='ocrx_word' id='word_1_9' title='bbox 97 402 218 465; x_wconf 79' lang='lat' dir='ltr'>que</span> <span class='ocrx_word' id='word_1_10' title='bbox 233 378 579 441; x_wconf 75' lang='lat' dir='ltr'>devinxeris.</span> <span class='ocrx_word' id='word_1_11' title='bbox 624 380 768 441; x_wconf 78' lang='lat' dir='ltr'>vale.</span> <span class='ocrx_word' id='word_1_12' title='bbox 1300 376 1307 383; x_wconf 81' lang='grc'><em>’</em></span> 
     </span>
    </p>
   </div>
   <div class='ocr_carea' id='block_1_2' title="bbox 51 550 1350 2627">
    <p class='ocr_par' dir='ltr' id='par_1_2' title="bbox 51 550 1350 2627">
     <span class='ocr_line' id='line_1_4' title="bbox 106 550 1306 622; baseline 0.004 -8"><span class='ocrx_word' id='word_1_13' title='bbox 106 574 189 614; x_wconf 75' lang='grc' dir='ltr'>Μ.</span> <span class='ocrx_word' id='word_1_14' title='bbox 215 571 566 613; x_wconf 53' lang='lat' dir='ltr'>memmio</span> <span class='ocrx_word' id='word_1_15' title='bbox 601 572 674 613; x_wconf 75' lang='lat' dir='ltr'>m.</span> <span class='ocrx_word' id='word_1_16' title='bbox 697 572 734 613; x_wconf 72' lang='lat' dir='ltr'><strong>n</strong></span> <span class='ocrx_word' id='word_1_17' title='bbox 753 572 1023 622; x_wconf 77' lang='grc' dir='ltr'>υτιιιο</span> <span class='ocrx_word' id='word_1_18' title='bbox 1058 575 1114 617; x_wconf 83' lang='lat' dir='ltr'>s.</span> <span class='ocrx_word' id='word_1_19' title='bbox 1134 571 1196 617; x_wconf 71' lang='grc' dir='ltr'>ι’.</span> <span class='ocrx_word' id='word_1_20' title='bbox 1218 550 1306 619; x_wconf 75' lang='grc' dir='ltr'>υ.’</span> 
     </span>
     <span class='ocr_line' id='line_1_5' title="bbox 51 638 1323 722; baseline 0.001 -20"><span class='ocrx_word' id='word_1_21' title='bbox 51 658 82 702; x_wconf 82' lang='lat'>8</span> <span class='ocrx_word' id='word_1_22' title='bbox 197 646 348 699; x_wconf 85' lang='lat' dir='ltr'>Cum</span> <span class='ocrx_word' id='word_1_23' title='bbox 362 654 418 698; x_wconf 83' lang='lat' dir='ltr'>et</span> <span class='ocrx_word' id='word_1_24' title='bbox 431 640 567 699; x_wconf 81' lang='lat' dir='ltr'>mihi</span> <span class='ocrx_word' id='word_1_25' title='bbox 583 638 834 701; x_wconf 74' lang='lat' dir='ltr'>conscius</span> <span class='ocrx_word' id='word_1_26' title='bbox 847 639 1031 719; x_wconf 67' lang='lat' dir='ltr'>esrem,</span> <span class='ocrx_word' id='word_1_27' title='bbox 1044 642 1243 722; x_wconf 85' lang='lat' dir='ltr'>quanti</span> <span class='ocrx_word' id='word_1_28' title='bbox 1260 656 1323 703; x_wconf 82' lang='lat' dir='ltr'>te</span> 
     </span>
     <span class='ocr_line' id='line_1_6' title="bbox 98 724 1325 805; baseline 0.003 -18"><span class='ocrx_word' id='word_1_29' title='bbox 98 724 370 800; x_wconf 77' lang='lat' dir='ltr'>facerem,</span> <span class='ocrx_word' id='word_1_30' title='bbox 383 740 442 787; x_wconf 90' lang='lat' dir='ltr'>et</span> <span class='ocrx_word' id='word_1_31' title='bbox 457 742 604 785; x_wconf 82' lang='lat' dir='ltr'>tuam</span> <span class='ocrx_word' id='word_1_32' title='bbox 626 746 753 805; x_wconf 85' lang='lat' dir='ltr'>erga</span> <span class='ocrx_word' id='word_1_33' title='bbox 767 748 854 787; x_wconf 84' lang='lat' dir='ltr'>me</span> <span class='ocrx_word' id='word_1_34' title='bbox 867 727 1325 794; x_wconf 77' lang='lat' dir='ltr'>benevolentiam</span> 
     </span>
     <span class='ocr_line' id='line_1_7' title="bbox 97 810 1323 895; baseline 0 -22"><span class='ocrx_word' id='word_1_35' title='bbox 97 826 374 893; x_wconf 79' lang='lat' dir='ltr'>expertus</span> <span class='ocrx_word' id='word_1_36' title='bbox 389 810 570 887; x_wconf 80' lang='lat' dir='ltr'>efrem,</span> <span class='ocrx_word' id='word_1_37' title='bbox 594 833 716 873; x_wconf 85' lang='lat' dir='ltr'>non</span> <span class='ocrx_word' id='word_1_38' title='bbox 731 811 981 875; x_wconf 82' lang='lat' dir='ltr'>dubitavi</span> <span class='ocrx_word' id='word_1_39' title='bbox 994 836 1027 873; x_wconf 79' lang='lat' dir='ltr'><strong>a</strong></span> <span class='ocrx_word' id='word_1_40' title='bbox 1042 829 1097 874; x_wconf 87' lang='lat' dir='ltr'>te</span> <span class='ocrx_word' id='word_1_41' title='bbox 1112 828 1323 895; x_wconf 75' lang='lat' dir='ltr'>petere,</span> 
     </span>
     <span class='ocr_line' id='line_1_8' title="bbox 99 891 1325 981; baseline 0.002 -23"><span class='ocrx_word' id='word_1_42' title='bbox 99 898 270 981; x_wconf 83' lang='lat' dir='ltr'>qnod</span> <span class='ocrx_word' id='word_1_43' title='bbox 293 899 428 958; x_wconf 88' lang='lat' dir='ltr'>mihi</span> <span class='ocrx_word' id='word_1_44' title='bbox 453 898 750 979; x_wconf 78' lang='lat' dir='ltr'>petendum</span> <span class='ocrx_word' id='word_1_45' title='bbox 781 891 930 960; x_wconf 76' lang='lat' dir='ltr'>ess&#39;et.</span> <span class='ocrx_word' id='word_1_46' title='bbox 980 906 1044 960; x_wconf 87' lang='lat' dir='ltr'>P.</span> <span class='ocrx_word' id='word_1_47' title='bbox 1068 901 1325 961; x_wconf 76' lang='lat' dir='ltr'>Sextium</span> 
     </span>
     <span class='ocr_line' id='line_1_9' title="bbox 101 982 1329 1067; baseline 0.002 -22"><span class='ocrx_word' id='word_1_48' title='bbox 101 986 314 1067; x_wconf 78' lang='lat' dir='ltr'>quanti</span> <span class='ocrx_word' id='word_1_49' title='bbox 336 983 553 1060; x_wconf 79' lang='lat' dir='ltr'>faciam,</span> <span class='ocrx_word' id='word_1_50' title='bbox 583 983 694 1065; x_wconf 88' lang='lat' dir='ltr'>ipse</span> <span class='ocrx_word' id='word_1_51' title='bbox 715 987 924 1067; x_wconf 88' lang='lat' dir='ltr'>optime</span> <span class='ocrx_word' id='word_1_52' title='bbox 945 982 1055 1046; x_wconf 86' lang='lat' dir='ltr'>scio</span> <span class='ocrx_word' id='word_1_53' title='bbox 1072 1007 1092 1046; x_wconf 69' lang='grc' dir='ltr'><strong>ε</strong></span> <span class='ocrx_word' id='word_1_54' title='bbox 1126 984 1329 1065; x_wconf 76' lang='lat' dir='ltr'>quanti</span> 
     </span>
     <span class='ocr_line' id='line_1_10' title="bbox 101 1070 1331 1149; baseline 0 -17"><span class='ocrx_word' id='word_1_55' title='bbox 101 1088 300 1133; x_wconf 84' lang='lat' dir='ltr'>autem</span> <span class='ocrx_word' id='word_1_56' title='bbox 315 1070 493 1131; x_wconf 83' lang='lat' dir='ltr'>faeere</span> <span class='ocrx_word' id='word_1_57' title='bbox 507 1072 754 1149; x_wconf 83' lang='lat' dir='ltr'>debeam,</span> <span class='ocrx_word' id='word_1_58' title='bbox 769 1087 826 1133; x_wconf 85' lang='lat' dir='ltr'>et</span> <span class='ocrx_word' id='word_1_59' title='bbox 841 1088 927 1147; x_wconf 85' lang='lat' dir='ltr'>tu,</span> <span class='ocrx_word' id='word_1_60' title='bbox 940 1086 997 1131; x_wconf 88' lang='lat' dir='ltr'>et</span> <span class='ocrx_word' id='word_1_61' title='bbox 1010 1091 1207 1133; x_wconf 69' lang='lat' dir='ltr'>omnes</span> <span class='ocrx_word' id='word_1_62' title='bbox 1222 1074 1331 1132; x_wconf 87' lang='lat' dir='ltr'>ho·</span> 
     </span>
     <span class='ocr_line' id='line_1_11' title="bbox 105 1154 1329 1222; baseline -0.002 0"><span class='ocrx_word' id='word_1_63' title='bbox 105 1160 300 1222; x_wconf 79' lang='lat' dir='ltr'>mines</span> <span class='ocrx_word' id='word_1_64' title='bbox 315 1154 516 1217; x_wconf 80' lang='lat' dir='ltr'>sci&#39;unt.</span> <span class='ocrx_word' id='word_1_65' title='bbox 563 1159 614 1217; x_wconf 76' lang='lat' dir='ltr'>is</span> <span class='ocrx_word' id='word_1_66' title='bbox 629 1180 752 1219; x_wconf 86' lang='lat' dir='ltr'>cum</span> <span class='ocrx_word' id='word_1_67' title='bbox 770 1179 842 1219; x_wconf 85' lang='lat' dir='ltr'>ex</span> <span class='ocrx_word' id='word_1_68' title='bbox 860 1158 983 1219; x_wconf 74' lang='lat' dir='ltr'>aliis</span> <span class='ocrx_word' id='word_1_69' title='bbox 999 1173 1055 1218; x_wconf 90' lang='lat' dir='ltr'>te</span> <span class='ocrx_word' id='word_1_70' title='bbox 1078 1160 1186 1219; x_wconf 87' lang='lat' dir='ltr'>mei</span> <span class='ocrx_word' id='word_1_71' title='bbox 1216 1155 1329 1219; x_wconf 87' lang='lat' dir='ltr'>stu·</span> 
     </span>
     <span class='ocr_line' id='line_1_12' title="bbox 109 1240 1331 1327; baseline 0.002 -22"><span class='ocrx_word' id='word_1_72' title='bbox 109 1240 466 1317; x_wconf 83' lang='lat' dir='ltr'>diofissimum</span> <span class='ocrx_word' id='word_1_73' title='bbox 493 1242 594 1305; x_wconf 79' lang='lat' dir='ltr'>effe</span> <span class='ocrx_word' id='word_1_74' title='bbox 609 1242 919 1324; x_wconf 63' lang='lat' dir='ltr'>cognosset,</span> <span class='ocrx_word' id='word_1_75' title='bbox 940 1246 1137 1327; x_wconf 83' lang='lat' dir='ltr'>petivit</span> <span class='ocrx_word' id='word_1_76' title='bbox 1158 1265 1192 1307; x_wconf 77' lang='lat' dir='ltr'><strong>a</strong></span> <span class='ocrx_word' id='word_1_77' title='bbox 1212 1264 1331 1322; x_wconf 83' lang='lat' dir='ltr'>me,</span> 
     </span>
     <span class='ocr_line' id='line_1_13' title="bbox 109 1329 1333 1411; baseline 0.001 -18"><span class='ocrx_word' id='word_1_78' title='bbox 109 1347 184 1393; x_wconf 83' lang='lat' dir='ltr'>ut</span> <span class='ocrx_word' id='word_1_79' title='bbox 201 1329 274 1391; x_wconf 72' lang='lat' dir='ltr'>ad</span> <span class='ocrx_word' id='word_1_80' title='bbox 291 1346 348 1391; x_wconf 85' lang='lat' dir='ltr'>te</span> <span class='ocrx_word' id='word_1_81' title='bbox 363 1350 528 1411; x_wconf 75' lang='lat' dir='ltr'>quam</span> <span class='ocrx_word' id='word_1_82' title='bbox 543 1332 928 1393; x_wconf 75' lang='lat' dir='ltr'>accuratissime</span> <span class='ocrx_word' id='word_1_83' title='bbox 942 1332 1229 1395; x_wconf 77' lang='lat' dir='ltr'>scriberem</span> <span class='ocrx_word' id='word_1_84' title='bbox 1254 1330 1333 1394; x_wconf 79' lang='lat' dir='ltr'>de</span> 
     </span>
     <span class='ocr_line' id='line_1_14' title="bbox 109 1416 1335 1499; baseline 0 -19"><span class='ocrx_word' id='word_1_85' title='bbox 109 1438 182 1480; x_wconf 87' lang='lat' dir='ltr'>re</span> <span class='ocrx_word' id='word_1_86' title='bbox 213 1422 289 1479; x_wconf 87' lang='lat' dir='ltr'>C.</span> <span class='ocrx_word' id='word_1_87' title='bbox 307 1416 502 1479; x_wconf 81' lang='lat' dir='ltr'>Albini</span> <span class='ocrx_word' id='word_1_88' title='bbox 517 1418 782 1479; x_wconf 77' lang='lat' dir='ltr'>senatoris</span> <span class='ocrx_word' id='word_1_89' title='bbox 797 1441 816 1479; x_wconf 74' lang='lat' dir='ltr'>t</span> <span class='ocrx_word' id='word_1_90' title='bbox 838 1422 1001 1499; x_wconf 79' lang='lat' dir='ltr'>cujus</span> <span class='ocrx_word' id='word_1_91' title='bbox 1012 1439 1087 1481; x_wconf 83' lang='lat' dir='ltr'>ex</span> <span class='ocrx_word' id='word_1_92' title='bbox 1100 1418 1211 1481; x_wconf 77' lang='lat' dir='ltr'>filia</span> <span class='ocrx_word' id='word_1_93' title='bbox 1224 1438 1335 1480; x_wconf 77' lang='lat' dir='ltr'>na·</span> 
     </span>
     <span class='ocr_line' id='line_1_15' title="bbox 113 1500 1333 1587; baseline -0.002 -20"><span class='ocrx_word' id='word_1_94' title='bbox 113 1522 218 1567; x_wconf 69' lang='lat' dir='ltr'>tus</span> <span class='ocrx_word' id='word_1_95' title='bbox 245 1500 325 1565; x_wconf 86' lang='lat' dir='ltr'>est</span> <span class='ocrx_word' id='word_1_96' title='bbox 345 1510 418 1564; x_wconf 89' lang='lat' dir='ltr'>L.</span> <span class='ocrx_word' id='word_1_97' title='bbox 441 1504 686 1581; x_wconf 75' lang='lat' dir='ltr'>Sextius,</span> <span class='ocrx_word' id='word_1_98' title='bbox 713 1508 959 1587; x_wconf 79' lang='lat' dir='ltr'>optimus</span> <span class='ocrx_word' id='word_1_99' title='bbox 988 1502 1333 1582; x_wconf 72' lang='lat' dir='ltr'>adolescens,</span> 
     </span>
     <span class='ocr_line' id='line_1_16' title="bbox 116 1588 1335 1672; baseline -0.003 -18"><span class='ocrx_word' id='word_1_100' title='bbox 116 1592 272 1654; x_wconf 71' lang='lat' dir='ltr'>filius</span> <span class='ocrx_word' id='word_1_101' title='bbox 289 1597 353 1651; x_wconf 85' lang='lat' dir='ltr'>P.</span> <span class='ocrx_word' id='word_1_102' title='bbox 370 1592 561 1652; x_wconf 81' lang='lat' dir='ltr'>Sextii.</span> <span class='ocrx_word' id='word_1_103' title='bbox 591 1593 700 1651; x_wconf 85' lang='lat' dir='ltr'>hoc</span> <span class='ocrx_word' id='word_1_104' title='bbox 715 1590 924 1653; x_wconf 85' lang='lat' dir='ltr'>idcirco</span> <span class='ocrx_word' id='word_1_105' title='bbox 941 1588 1143 1672; x_wconf 86' lang='lat' dir='ltr'>scripfi‚</span> <span class='ocrx_word' id='word_1_106' title='bbox 1163 1607 1227 1651; x_wconf 84' lang='lat' dir='ltr'>ut</span> <span class='ocrx_word' id='word_1_107' title='bbox 1241 1592 1335 1650; x_wconf 84' lang='lat' dir='ltr'>in·</span> 
     </span>
     <span class='ocr_line' id='line_1_17' title="bbox 117 1675 1337 1761; baseline -0.002 -22"><span class='ocrx_word' id='word_1_108' title='bbox 117 1676 422 1761; x_wconf 68' lang='lat' dir='ltr'>telligaes‚</span> <span class='ocrx_word' id='word_1_109' title='bbox 445 1698 568 1737; x_wconf 83' lang='lat' dir='ltr'>non</span> <span class='ocrx_word' id='word_1_110' title='bbox 590 1675 769 1738; x_wconf 87' lang='lat' dir='ltr'><strong>solum</strong></span> <span class='ocrx_word' id='word_1_111' title='bbox 798 1698 889 1739; x_wconf 83' lang='lat' dir='ltr'>me</span> <span class='ocrx_word' id='word_1_112' title='bbox 918 1698 1023 1758; x_wconf 87' lang='lat' dir='ltr'>pro</span> <span class='ocrx_word' id='word_1_113' title='bbox 1044 1684 1107 1737; x_wconf 84' lang='lat' dir='ltr'>P.</span> <span class='ocrx_word' id='word_1_114' title='bbox 1140 1678 1337 1737; x_wconf 85' lang='lat' dir='ltr'>Sextio</span> 
     </span>
     <span class='ocr_line' id='line_1_18' title="bbox 121 1762 1339 1845; baseline -0.002 -19"><span class='ocrx_word' id='word_1_115' title='bbox 121 1766 382 1831; x_wconf 81' lang='lat' dir='ltr'>laborare</span> <span class='ocrx_word' id='word_1_116' title='bbox 407 1762 628 1841; x_wconf 85' lang='lat' dir='ltr'>debere,</span> <span class='ocrx_word' id='word_1_117' title='bbox 657 1762 746 1824; x_wconf 91' lang='lat' dir='ltr'>sed</span> <span class='ocrx_word' id='word_1_118' title='bbox 773 1766 1019 1825; x_wconf 84' lang='lat' dir='ltr'>Sextium</span> <span class='ocrx_word' id='word_1_119' title='bbox 1040 1765 1205 1823; x_wconf 79' lang='lat' dir='ltr'>etiam</span> <span class='ocrx_word' id='word_1_120' title='bbox 1226 1780 1339 1845; x_wconf 87' lang='lat' dir='ltr'>pro</span> 
     </span>
     <span class='ocr_line' id='line_1_19' title="bbox 125 1849 1339 1915; baseline -0.005 0"><span class='ocrx_word' id='word_1_121' title='bbox 125 1851 366 1915; x_wconf 81' lang='lat' dir='ltr'><strong>Albino.</strong></span> <span class='ocrx_word' id='word_1_122' title='bbox 411 1872 498 1911; x_wconf 78' lang='lat' dir='ltr'>res</span> <span class='ocrx_word' id='word_1_123' title='bbox 529 1867 706 1911; x_wconf 83' lang='lat' dir='ltr'>autem</span> <span class='ocrx_word' id='word_1_124' title='bbox 729 1849 804 1911; x_wconf 86' lang='lat' dir='ltr'>est</span> <span class='ocrx_word' id='word_1_125' title='bbox 825 1852 979 1911; x_wconf 86' lang='lat' dir='ltr'>haec.</span> <span class='ocrx_word' id='word_1_126' title='bbox 1026 1856 1074 1909; x_wconf 83' lang='lat' dir='ltr'>A</span> <span class='ocrx_word' id='word_1_127' title='bbox 1112 1855 1199 1910; x_wconf 92' lang='lat' dir='ltr'>M.</span> <span class='ocrx_word' id='word_1_128' title='bbox 1222 1854 1339 1909; x_wconf 83' lang='lat' dir='ltr'>La·</span> 
     </span>
     <span class='ocr_line' id='line_1_20' title="bbox 127 1934 1339 2017; baseline -0.002 -18"><span class='ocrx_word' id='word_1_129' title='bbox 127 1940 291 2000; x_wconf 86' lang='lat' dir='ltr'>berio</span> <span class='ocrx_word' id='word_1_130' title='bbox 314 1942 382 1997; x_wconf 94' lang='lat' dir='ltr'>C.</span> <span class='ocrx_word' id='word_1_131' title='bbox 406 1937 644 1997; x_wconf 80' lang='lat' dir='ltr'>Albinus</span> <span class='ocrx_word' id='word_1_132' title='bbox 666 1936 889 2017; x_wconf 85' lang='lat' dir='ltr'>praedia</span> <span class='ocrx_word' id='word_1_133' title='bbox 918 1934 1339 1997; x_wconf 78' lang='lat' dir='ltr'>in-aestimatio·</span> 
     </span>
     <span class='ocr_line' id='line_1_21' title="bbox 129 2022 1345 2105; baseline -0.004 -18"><span class='ocrx_word' id='word_1_134' title='bbox 129 2044 268 2087; x_wconf 85' lang='lat' dir='ltr'>nem</span> <span class='ocrx_word' id='word_1_135' title='bbox 283 2026 514 2105; x_wconf 85' lang='lat' dir='ltr'>accepit,</span> <span class='ocrx_word' id='word_1_136' title='bbox 525 2042 664 2103; x_wconf 83' lang='lat' dir='ltr'>quae</span> <span class='ocrx_word' id='word_1_137' title='bbox 680 2022 901 2103; x_wconf 82' lang='lat' dir='ltr'>praedia</span> <span class='ocrx_word' id='word_1_138' title='bbox 914 2023 1181 2085; x_wconf 80' lang='lat' dir='ltr'>Laberius</span> <span class='ocrx_word' id='word_1_139' title='bbox 1196 2034 1345 2082; x_wconf 77' lang='lat' dir='ltr'>exne·</span> 
     </span>
     <span class='ocr_line' id='line_1_22' title="bbox 135 2106 1343 2175; baseline -0.007 0"><span class='ocrx_word' id='word_1_140' title='bbox 135 2126 226 2175; x_wconf 83' lang='lat' dir='ltr'>rat</span> <span class='ocrx_word' id='word_1_141' title='bbox 241 2132 274 2169; x_wconf 85' lang='lat' dir='ltr'><strong>a</strong></span> <span class='ocrx_word' id='word_1_142' title='bbox 290 2108 514 2170; x_wconf 83' lang='lat' dir='ltr'>Caesare</span> <span class='ocrx_word' id='word_1_143' title='bbox 529 2110 593 2168; x_wconf 88' lang='lat' dir='ltr'>de</span> <span class='ocrx_word' id='word_1_144' title='bbox 605 2110 774 2169; x_wconf 74' lang='lat' dir='ltr'>bonis</span> <span class='ocrx_word' id='word_1_145' title='bbox 791 2108 1084 2169; x_wconf 78' lang='lat' dir='ltr'><strong>Plotianis.</strong></span> <span class='ocrx_word' id='word_1_146' title='bbox 1116 2128 1181 2167; x_wconf 81' lang='lat' dir='ltr'>ea</span> <span class='ocrx_word' id='word_1_147' title='bbox 1194 2106 1235 2167; x_wconf 86' lang='lat' dir='ltr'><strong>fi</strong></span> <span class='ocrx_word' id='word_1_148' title='bbox 1250 2106 1343 2167; x_wconf 83' lang='lat' dir='ltr'>di·</span> 
     </span>
     <span class='ocr_line' id='line_1_23' title="bbox 135 2193 1348 2277; baseline -0.005 -16"><span class='ocrx_word' id='word_1_149' title='bbox 135 2218 262 2261; x_wconf 85' lang='lat' dir='ltr'>cam</span> <span class='ocrx_word' id='word_1_150' title='bbox 277 2217 396 2256; x_wconf 86' lang='lat' dir='ltr'>non</span> <span class='ocrx_word' id='word_1_151' title='bbox 409 2194 512 2257; x_wconf 82' lang='lat' dir='ltr'>effe</span> <span class='ocrx_word' id='word_1_152' title='bbox 526 2217 557 2256; x_wconf 90' lang='lat' dir='ltr'>e</span> <span class='ocrx_word' id='word_1_153' title='bbox 572 2194 850 2277; x_wconf 82' lang='lat' dir='ltr'>republica</span> <span class='ocrx_word' id='word_1_154' title='bbox 866 2195 1035 2255; x_wconf 89' lang='lat' dir='ltr'>dividi</span> <span class='ocrx_word' id='word_1_155' title='bbox 1041 2193 1269 2270; x_wconf 86' lang='lat' dir='ltr'>‚docere</span> <span class='ocrx_word' id='word_1_156' title='bbox 1283 2207 1348 2255; x_wconf 78' lang='lat' dir='ltr'>te</span> 
     </span>
     <span class='ocr_line' id='line_1_24' title="bbox 137 2280 1349 2363; baseline -0.007 -16"><span class='ocrx_word' id='word_1_157' title='bbox 137 2282 352 2357; x_wconf 83' lang='lat' dir='ltr'>videar,</span> <span class='ocrx_word' id='word_1_158' title='bbox 365 2305 485 2344; x_wconf 86' lang='lat' dir='ltr'>non</span> <span class='ocrx_word' id='word_1_159' title='bbox 501 2302 720 2363; x_wconf 80' lang='lat' dir='ltr'>rogare.</span> <span class='ocrx_word' id='word_1_160' title='bbox 739 2280 827 2341; x_wconf 90' lang='lat' dir='ltr'>sed</span> <span class='ocrx_word' id='word_1_161' title='bbox 843 2298 1053 2356; x_wconf 80' lang='lat' dir='ltr'>tamen,</span> <span class='ocrx_word' id='word_1_162' title='bbox 1068 2300 1193 2341; x_wconf 82' lang='lat' dir='ltr'>cum</span> <span class='ocrx_word' id='word_1_163' title='bbox 1211 2285 1349 2340; x_wconf 79' lang='lat' dir='ltr'>Cae·</span> 
     </span>
     <span class='ocr_line' id='line_1_25' title="bbox 141 2367 1349 2449; baseline -0.006 -14"><span class='ocrx_word' id='word_1_164' title='bbox 141 2369 228 2435; x_wconf 79' lang='lat' dir='ltr'>sar</span> <span class='ocrx_word' id='word_1_165' title='bbox 247 2368 492 2449; x_wconf 81' lang='lat' dir='ltr'><strong>Syllanas</strong></span> <span class='ocrx_word' id='word_1_166' title='bbox 513 2368 871 2430; x_wconf 80' lang='lat' dir='ltr'>venditiones</span> <span class='ocrx_word' id='word_1_167' title='bbox 885 2382 941 2426; x_wconf 89' lang='lat' dir='ltr'>et</span> <span class='ocrx_word' id='word_1_168' title='bbox 956 2367 1349 2445; x_wconf 72' lang='lat' dir='ltr'>affignationes</span> 
     </span>
     <span class='ocr_line' id='line_1_26' title="bbox 144 2450 1350 2536; baseline -0.004 -19"><span class='ocrx_word' id='word_1_169' title='bbox 144 2472 290 2527; x_wconf 69' lang='lat' dir='ltr'><strong>xatas</strong></span> <span class='ocrx_word' id='word_1_170' title='bbox 305 2452 410 2515; x_wconf 81' lang='lat' dir='ltr'>effe</span> <span class='ocrx_word' id='word_1_171' title='bbox 420 2457 579 2534; x_wconf 83' lang='lat' dir='ltr'>velit,</span> <span class='ocrx_word' id='word_1_172' title='bbox 610 2476 725 2536; x_wconf 88' lang='lat' dir='ltr'>quo</span> <span class='ocrx_word' id='word_1_173' title='bbox 742 2452 1015 2515; x_wconf 82' lang='lat' dir='ltr'>firmiores</span> <span class='ocrx_word' id='word_1_174' title='bbox 1028 2450 1350 2513; x_wconf 78' lang='lat' dir='ltr'>existimen-</span> 
     </span>
     <span class='ocr_line' id='line_1_27' title="bbox 146 2539 1349 2627; baseline -0.007 -18"><span class='ocrx_word' id='word_1_175' title='bbox 146 2561 240 2609; x_wconf 81' lang='lat' dir='ltr'>tur</span> <span class='ocrx_word' id='word_1_176' title='bbox 259 2540 417 2609; x_wconf 77' lang='lat' dir='ltr'>suae:</span> <span class='ocrx_word' id='word_1_177' title='bbox 439 2540 482 2607; x_wconf 81' lang='lat' dir='ltr'>fi</span> <span class='ocrx_word' id='word_1_178' title='bbox 504 2564 570 2607; x_wconf 83' lang='lat' dir='ltr'>ea</span> <span class='ocrx_word' id='word_1_179' title='bbox 597 2540 818 2627; x_wconf 80' lang='lat' dir='ltr'>praedia</span> <span class='ocrx_word' id='word_1_180' title='bbox 835 2539 1177 2621; x_wconf 79' lang='lat' dir='ltr'>dividentur,</span> <span class='ocrx_word' id='word_1_181' title='bbox 1203 2556 1349 2624; x_wconf 72' lang='lat' dir='ltr'>quae</span> 
     </span>
    </p>
   </div>
  </div>
 </body>
</html>
