1709 3084
371 202 697 263 EPIST.
735 173 1041 260 mmxxi.
1192 214 1305 277 191

67 305 182 367 bis
227 299 447 361 efficere
481 300 766 377 negotium
785 342 800 359 .
870 296 1077 358 Rhodii
1112 316 1222 358 noa
1259 314 1319 360 et

73 386 498 468 rempublicam
515 406 682 465 quam
715 382 875 447 valde
888 382 1322 465 desperaverint,

71 498 166 538 ex
185 474 398 549 literis,
419 492 559 553 quas
583 472 800 553 publice
819 470 959 546 miti,
991 469 1317 550 cognosces.

72 580 148 625 et
183 559 418 643 quidem
441 558 622 619 multo
643 559 861 637 parcius
882 555 1079 638 scripfi.
1128 559 1319 619 mirari

77 650 252 711 noli.
301 647 440 705 mira
459 644 534 705 est
563 664 756 704 conam
775 646 1065 704 amentia:
1096 664 1200 705 nec
1228 666 1323 707 me
1368 688 1381 699 .

79 754 261 798 meae
291 730 438 792 ullae
467 725 727 813 privatim
756 731 993 808 injuriae
1020 748 1321 794 moverunt

81 814 396 903 unquam:
421 818 598 877 malus
628 814 846 877 animus
874 838 1069 877 eorum
1099 820 1160 877 in
1187 818 1321 880 nos·

85 928 255 971 tram
271 904 518 979 salutem,
532 904 797 985 cupiditas
816 906 1049 984 partium
1066 905 1323 983 aliarum,

89 990 516 1079 perstverantia
557 993 618 1051 in
658 992 1079 1069 contemptione
1119 994 1324 1072 optimi

92 1078 400 1163 cujusque,
423 1077 649 1138 serenda
663 1078 800 1135 mihi
817 1097 937 1135 non
950 1076 1079 1137 fuit.
1128 1096 1230 1151 nec
1245 1094 1327 1139 ta-

93 1188 244 1231 men
267 1186 464 1226 omnes
487 1164 730 1245 perditos
743 1160 848 1222 effe
864 1176 1023 1243 puto.
1056 1162 1144 1223 sed
1158 1164 1325 1226 iidem

97 1256 223 1330 ini,
240 1254 340 1332 qui
355 1268 470 1311 tum
488 1252 780 1332 lugientem
795 1264 1007 1330 patrem
1020 1250 1324 1333 menmflui

101 1351 187 1405 L.
209 1339 536 1412 Lentulum,
553 1339 651 1418 qui
671 1338 1015 1418 Pompeium,
1028 1339 1127 1418 qui
1142 1355 1325 1400 caete-

105 1447 218 1490 ros
233 1428 388 1487 viros
408 1424 721 1485 clariffimos
739 1446 857 1483 non
878 1442 1239 1507 recepean
1256 1427 1326 1486 ii-

107 1516 270 1588 dem,
297 1528 558 1593 tanquam
581 1513 770 1591 aliquo
787 1510 927 1587 fato,
956 1526 1013 1571 et
1046 1533 1201 1572 nunc
1230 1528 1329 1575 aut

109 1598 493 1677 magistratum
509 1615 729 1677 gerunt,
743 1614 848 1657 aut
864 1618 986 1674 eos,
1006 1600 1109 1679 qui
1126 1598 1329 1659 suntin

111 1686 520 1765 magistmtu,in
537 1685 624 1744 sua
635 1688 840 1744 habent
849 1683 1137 1765 potestate.
1146 1688 1333 1765 itaque

115 1773 310 1835 eadem
325 1772 568 1853 superbia
581 1775 640 1830 in
649 1774 921 1853 pravitate
934 1784 1333 1852 mantnt-‚quo-

117 1880 257 1939 rum
269 1860 675 1938 improbitatem
693 1858 989 1938 aliquando
1006 1858 1248 1935 retundi,
1272 1874 1333 1919 et
1420 1890 1423 1893 ·

120 1968 249 2009 non
275 1950 390 2027 pati
412 1947 736 2026 impunitate
765 1947 974 2023 augeri,
1004 1967 1123 2005 non
1156 1946 1332 2007 solum

120 2034 264 2095 utile
281 2032 354 2091 est
371 2032 700 2113 reipublicae
711 2030 1040 2107 nostrae,sed
1056 2034 1217 2092 etiam
1234 2053 1333 2091 ne-

125 2118 250 2181 ceff
238 2122 411 2179 arium
421 2122 454 2178 .’
481 2118 550 2178 de
565 2117 747 2179 nostra
763 2115 1035 2197 dignitate
1048 2118 1215 2177 velim
1232 2120 1335 2177 tibi

125 2223 194 2267 ut
213 2205 422 2287 semper
437 2226 598 2265 curae
613 2204 708 2264 fite
733 2220 810 2279 et,
835 2225 1171 2285 quocunque
1194 2218 1335 2263 tem-

127 2313 273 2375 pore
294 2290 634 2351 oceafionem
653 2294 928 2365 habueris,
958 2306 1011 2349 et
1033 2294 1094 2349 in
1125 2289 1336 2367 senatu,

130 2394 190 2441 et
215 2382 276 2437 in
295 2381 527 2438 caeteris
553 2382 712 2438 rebus
735 2378 882 2437 laudi
906 2376 1119 2436 nostrae
1148 2374 1337 2436 suffra·

131 2485 282 2545 gere.
305 2467 571 2545 quoniam
595 2464 909 2525 consulibus
928 2462 1147 2524 decreta
1159 2463 1232 2521 est
1257 2469 1337 2521 A-

131 2551 230 2631 ἦε,
253 2566 308 2612 et
329 2551 638 2636 permissum
653 2550 728 2612 est
743 2553 836 2631 iis,
866 2566 953 2631 ut,
986 2550 1117 2614 dum
1132 2546 1228 2631 ipfi
1242 2567 1343 2609 ve·
