1709 3084
437 191 771 250 EPIST.
816 207 954 250 ιη.
979 207 1132 250 xxv.
1225 207 1370 267 327.

132 283 253 348 nifi
266 305 376 347 vos
388 284 649 348 fortiores
656 285 1160 368 cognosti-mmmm
1167 307 1355 366 quem·

138 393 321 452 quam
342 375 544 435 vitum.
583 389 643 434 et
680 389 862 434 tamen
893 372 1171 452 ejusmodi
1195 372 1352 454 spero

142 460 381 536 negotia
392 458 518 535 effit,
533 475 600 520 ut
612 475 668 520 et
680 479 785 520 vos
800 459 917 519 istic
932 459 1354 520 commodiffune

146 543 363 624 sperem
376 543 565 619 σώζει
586 566 675 604 me
703 544 1007 624 aliquando
1029 565 1154 604 cum
1169 543 1374 604 fixum--

144 633 259 692 bus
282 628 451 688 nostri
474 631 862 710 rempublicam
877 627 1242 690 defensurum.
1290 646 1356 690 tu

146 716 392 796 primum
412 715 781 776 valetudinem
804 731 954 775 tuam
976 715 1140 774 velim
1163 736 1318 774 eures
1331 737 1360 788 ⁰,

144 799 374 876 deinde,
398 802 497 860 tibi
526 801 567 861 fi
602 802 898 878 videbitur,
920 800 1108 860 villis·
1093 803 1162 860 1is
1179 817 1356 876 utere,

144 905 297 968 quae
318 887 617 964 longiffime
628 887 1198 947 aberuntamilitibus.
1223 885 1350 946 fun-

144 971 229 1034 do
252 975 511 1052 Arpinati
530 974 673 1034 bene
686 974 896 1050 poteris
911 975 992 1032 uti
1009 993 1133 1032 cum
1147 971 1354 1032 familia

145 1059 383 1134 urbana,
398 1056 441 1118 fi
461 1079 689 1120 annona
710 1061 892 1120 carior
919 1059 1106 1120 fixerit.
1154 1061 1350 1118 Cicero

144 1143 459 1204 belliffimus
486 1146 589 1204 tibi
614 1143 835 1204 salutem
864 1144 1155 1224 plurimam
1192 1144 1344 1204 dicit.

142 1231 315 1290 etiam
330 1244 495 1312 atque
507 1231 669 1292 etiam
686 1229 830 1292 vale..
881 1249 947 1292 D.
984 1251 1006 1293 1
1019 1251 1044 1294 ι
1060 1252 1078 1290 1
1099 1231 1220 1292 idus
1239 1237 1338 1308 Ju-

144 1335 253 1378 nn.

238 1507 315 1548 Μ.
344 1507 409 1548 τ.
438 1507 499 1548 c.
553 1505 978 1549 TERENT1AE
1021 1509 1074 1550 s.
1099 1507 1157 1550 ι’.
1189 1507 1230 1548 D
1243 1522 1276 1553 0>

240 1575 299 1632 si
312 1573 486 1649 vales,
514 1571 655 1634 bene
680 1572 785 1634 est·
808 1595 912 1651 ego
927 1575 1106 1634 valeo.
1141 1574 1350 1634 valetu-

150 1657 341 1722 dinem
370 1676 519 1720 tuam
550 1660 715 1720 velim
746 1679 900 1718 cures
929 1658 1348 1736 dih‘gentiffime.

144 1765 275 1804 nam
290 1747 425 1804 mihi
440 1762 497 1804 et
518 1743 803 1824 scriptum,
834 1760 892 1804 et
911 1745 1227 1806 nuntiatum
1249 1735 1352 1819 est,

145 1833 277 1889 tein
293 1830 493 1890 febrem
510 1829 691 1889 subito
720 1827 982 1889 incidiffe.
1029 1829 1180 1908 quod
1205 1829 1344 1888 cele-

146 1917 281 1975 riter
295 1936 383 1974 me
398 1915 565 1976 fecisti
588 1914 655 1974 de
680 1913 925 1974 Caesaris
940 1914 1114 1974 literis
1143 1917 1344 1974 certio-

147 2021 287 2074 rem,
300 2000 467 2060 fecisti
478 2002 611 2060 mihi
624 2015 860 2078 gratum.
907 2002 1034 2059 item
1051 1999 1293 2079 posthac,
1304 1997 1344 2060 fi

145 2085 281 2168 quid
298 2107 439 2166 opus
454 2089 582 2161 erit,
600 2085 641 2144 fi
657 2085 790 2164 quid
806 2085 1064 2146 acciderit
1078 2087 1236 2160 novi,
1259 2083 1340 2144 fa·

143 2174 255 2232 cies
271 2188 331 2231 ut
362 2170 544 2232 sciam.
590 2192 723 2232 cura
750 2187 815 2232 ut
844 2169 1052 2236 valeas.
1096 2169 1238 2234 vale.
1275 2189 1342 2234 D.

150 2275 242 2322 nv.
284 2277 465 2321 nonas
482 2259 705 2336 Junias.
