1709 3084
331 176 454 240 214
543 163 668 220 AD
715 161 1311 220 FAMILIARES

327 281 422 325 tus
444 262 774 343 approbatio
788 257 1079 319 consecuta
1092 256 1170 320 est
1182 280 1313 320 cum
1330 256 1591 325 summo

328 349 553 429 gaudie,
585 363 643 407 et
663 345 971 406 offenfione
1002 348 1341 421 Minotauri,
1366 347 1435 406 id
1468 345 1583 424 est,

333 435 556 497 Calvisii
579 451 636 493 et
661 435 859 492 Tauri.-
902 431 1103 492 fastum
1119 432 1187 492 de
1216 448 1273 491 te
1295 431 1581 493 senatus-

325 521 640 584 consultum
656 518 1048 578 honorificum.
1082 518 1479 598 postulabatur
1504 535 1577 579 ut

327 612 491 669 etiam
505 607 585 668 issi
603 621 963 666 notarentur:
988 601 1079 664 sed
1094 604 1269 665 Pansa
1288 605 1559 666 clemen·

328 698 462 756 tior.
509 715 638 772 ego,
655 695 732 751 mi
749 690 1037 766 Cornifici,
1054 710 1169 769 quo
1185 691 1273 751 die
1290 695 1559 772 primum

329 784 390 842 in
405 779 550 861 spem
565 781 833 839 libertatis
849 776 1113 856 ingreffus
1130 776 1269 852 sum,
1290 793 1352 837 et
1368 799 1557 839 cunc-

327 868 579 929 tantibus
597 866 846 940 caeteriS,
870 887 922 924 a.
942 864 999 924 d.
1028 884 1103 924 x1
1121 884 1145 925 1
1166 885 1188 926 1
1223 864 1343 924 kal.
1360 872 1555 943 Janu-

330 957 456 1030 arii,
485 952 969 1030 fundamentajeci
986 950 1344 1031 reipublicae,
1366 971 1441 1012 eo
1458 954 1551 1031 ip·

331 1041 392 1102 so
407 1041 494 1102 die
509 1039 734 1121 providi
746 1039 1007 1114 multum,
1038 1051 1205 1117 atque
1218 1039 1389 1097 habui
1402 1039 1549 1098 rati-

333 1149 501 1190 onem
515 1126 802 1206 dignitatis
815 1141 961 1186 tuae.
1008 1126 1147 1185 mibi
1162 1126 1320 1184 enim
1350 1123 1429 1184 est
1460 1121 1547 1184 as-

333 1213 517 1275 sensus
533 1211 753 1273 senatus
769 1212 836 1272 de
851 1211 1172 1272 obtinendis
1200 1212 1545 1291 provinciis,

335 1321 439 1362 nec
459 1321 597 1361 vero
622 1297 805 1380 postea
825 1294 1006 1359 destiti
1036 1297 1361 1358 labefaeiare
1386 1319 1544 1382 eum,

335 1408 433 1468 qui
415 1385 647 1447 summa
663 1407 790 1446 cum
805 1401 903 1446 tua
916 1407 975 1454 m
972 1407 997 1464 J
1004 1405 1119 1444 urla
1122 1427 1143 1462 ,
1170 1384 1545 1445 contumelia·

335 1495 442 1554 que
458 1473 806 1560 reipublicae,
819 1473 1165 1554 provinciam
1180 1468 1376 1532 absens
1390 1471 1544 1531 obti-

335 1566 521 1622 nebat.
569 1563 754 1640 itaque
768 1561 1007 1635 crebras,
1034 1558 1125 1618 vel
1143 1559 1332 1638 potius
1350 1555 1543 1639 quoti·

331 1650 528 1709 dianas
565 1646 1044 1727 compellationes
1048 1665 1197 1705 meas
1228 1665 1350 1704 non
1386 1644 1541 1720 tulit,

335 1735 528 1816 seque'
514 1757 572 1794 m
588 1737 779 1794 urbem
795 1735 1002 1813 recepit
1016 1734 1439 1810 invitusmeque
1452 1728 1539 1790 so-

336 1821 450 1882 lum
467 1821 578 1904 spe,
613 1819 700 1880 sed
715 1822 866 1881 certa
892 1841 950 1880 re
975 1821 1115 1898 jam,
1150 1817 1539 1898 etpoffessione

335 1907 654 1969 deturbatus
671 1907 764 1967 est.
791 1901 1229 1984 meojustissit‘no,
1245 1903 1537 1966 honestiffi·

336 2015 540 2075 moque
557 1995 815 2054 convicio
832 2009 887 2052 te
900 2009 1049 2052 tuam
1060 1992 1387 2071 dignitatem
1394 1988 1537 2050 sum-

337 2103 427 2142 ma
457 2098 550 2141 tua
579 2082 786 2140 virtute
813 2079 1067 2154 tenuiffe,
1106 2081 1535 2158 provinciaeque

337 2171 648 2229 honoribus
687 2166 1019 2248 amplissimis
1052 2163 1305 2225 affe-stum
1320 2207 1339 2240 ,
1374 2167 1537 2224 vehe-

337 2273 554 2316 menter
566 2253 795 2333 gaudeo.
817 2251 971 2333 q'uod
988 2269 1043 2312 te
1057 2253 1193 2312 mihi
1208 2251 1277 2313 de
1290 2259 1537 2330 Sempro-

337 2346 439 2402 nio
468 2361 665 2421 purgas
671 2383 690 2415 ,
713 2342 924 2417 accipio
955 2337 1399 2399 exeusationem:
1436 2335 1539 2396 suit

338 2431 489 2486 enim
506 2426 640 2485 illud
657 2425 937 2504 quoddam
956 2445 1177 2486 caecum
1202 2441 1415 2510 tempus
1432 2421 1537 2483 ser-

336 2514 556 2573 vitutis.
588 2531 694 2590 ego
717 2527 942 2574 tuorum
958 2510 1317 2576 confiliorum
1338 2511 1539 2588 auctor,
