1709 3084
370 181 695 244 EPIST.
728 201 868 243 2113.
893 201 1070 242 xux.
1185 177 1302 260 263

76 301 153 344 et
186 299 307 344 tam
336 279 617 358 familiari,
647 299 709 342 ut
738 278 857 359 ejus
891 281 1145 358 negotia,
1173 293 1315 360 quae

82 369 314 432 suntin
338 371 571 441 Achaia,
591 389 666 428 ex
687 389 755 427 eo
778 363 932 447 quod
945 365 1106 426 heres
1125 365 1202 426 est
1225 367 1312 426 M.

86 453 357 528 Mindio,
364 452 524 516 fratri
540 449 663 529 suo,
674 455 772 535 qui
782 449 872 512 Eli
887 455 1200 531 negotiatus
1217 447 1318 526 est,

86 541 349 620 explices
360 556 416 600 et
436 539 698 620 expedias
716 560 844 598 cum
861 537 987 616 jure
1007 553 1064 596 et
1077 535 1318 619 potesta·-

90 631 189 703 te,
210 647 379 704 quam
398 628 596 702 habes,
610 641 729 686 tum
743 627 910 684 etiam
925 627 1246 686 austeritate
1258 637 1320 684 et

88 713 339 776 confluo
354 730 481 774 tuo.
524 714 597 776 fic
610 714 761 774 enim
774 708 1208 792 praescripfimus
1221 713 1320 788 iit,

92 803 317 882 quibus
330 821 395 860 ea
410 799 635 878 negotia
647 793 1114 875 mandavans,ut
1129 802 1318 860 omni·

92 893 215 950 bus
246 889 310 948 in
341 889 524 961 rebus,
552 907 691 964 quae
720 886 781 943 in
813 884 1056 965 aliquam
1083 899 1318 946 contro·

94 969 341 1038 ver-fiam
354 989 713 1045 vocarentur,
728 984 785 1028 te
806 972 1038 1044 arbitro,
1059 984 1138 1045 et,
1160 969 1318 1052 quod

96 1058 413 1122 commodo
429 1076 529 1118 tuo
545 1056 664 1118 fieri
680 1049 874 1137 pollet,
885 1073 940 1116 te
955 1055 1100 1118 disce
1139 1071 1321 1118 tatore

100 1161 426 1209 uterentur.
456 1141 519 1205 id
532 1157 596 1204 ut
608 1144 847 1204 honoris
863 1144 972 1204 mci
987 1163 1084 1226 can
1111 1164 1142 1203 a
1157 1139 1321 1204 susci·

100 1235 260 1318 piar,
292 1235 650 1294 vehementer
686 1245 743 1288 te
770 1231 935 1288 etiam
965 1244 1130 1310 atque
1155 1231 1322 1291 etiam

104 1339 282 1398 rogo.
314 1317 453 1381 illud
465 1333 767 1399 praeterea,
784 1313 823 1376 fi
838 1336 958 1376 non
973 1315 1212 1378 alienum
1227 1333 1322 1378 tua

104 1405 384 1484 dignitate
416 1403 634 1488 putabis
662 1399 789 1475 effe,
816 1403 1010 1464 feceris
1039 1404 1174 1464 mihi
1195 1421 1324 1485 per·

108 1507 365 1571 gratum:
394 1493 437 1556 fi
449 1493 548 1569 qui
562 1487 900 1553 difficiliores
922 1504 1110 1565 erunt,
1126 1502 1192 1549 ut
1207 1507 1325 1550 rem

108 1577 232 1640 fine
252 1573 631 1641 controverfia
656 1573 861 1636 confici
890 1573 1100 1650 nolint,
1131 1573 1173 1634 fi
1199 1595 1324 1653 coz,

112 1659 349 1744 quando
360 1685 490 1727 cum
506 1661 757 1725 senatore
773 1679 860 1720 res
875 1658 970 1734 est,
983 1667 1218 1722 Romam
1235 1677 1326 1722 re-

105 1749 337 1830 jeceris.
355 1747 510 1828 quod
522 1769 637 1830 quo
646 1749 865 1812 minore
881 1745 1226 1808 dubitatione
1239 1745 1327 1808 fa-

113 1855 241 1895 cere
256 1833 637 1915 poffis,literas
652 1833 721 1896 ad
736 1847 792 1893 te
808 1853 839 1892 a
854 1839 942 1893 M.
957 1831 1172 1913 Lepido
1186 1851 1330 1894 eon-

116 1918 255 1995 sule,
266 1940 385 1980 non
402 1942 545 2004 quae
557 1935 614 1978 te
629 1918 838 2000 aliquid
848 1921 1107 1998 juberent
1113 1919 1330 2002 (neque

116 2008 273 2067 enim
294 2005 353 2066 id
381 2026 507 2070 tuae
533 2006 823 2085 dignitatis
846 2003 947 2064 effe
968 2007 1328 2084 arbitramur)

119 2090 213 2152 fied
226 2089 467 2172 quodam
484 2093 656 2155 modo
678 2087 827 2172 quali
848 2092 1328 2154 commendatitias

121 2174 467 2257 sumplimus.
513 2177 827 2249 scriberem,
850 2195 1019 2256 qnam
1041 2177 1100 2238 id
1119 2176 1332 2238 benefl-

122 2265 269 2323 cium
285 2263 424 2326 bene
440 2265 587 2347 apud
610 2262 936 2332 Mescinium
951 2261 1220 2345 positurus
1240 2259 1324 2324 es·

122 2347 233 2423 ses»,
262 2349 363 2411 nili
392 2369 451 2412 et
480 2367 538 2410 te
567 2348 703 2410 scire
730 2347 1087 2425 confiderem,
1110 2365 1166 2409 et
1191 2351 1330 2412 mihi

120 2448 385 2516 peterem.
430 2434 503 2497 fic
523 2439 671 2496 enim
690 2435 860 2496 velim
881 2433 1173 2511 existimes,
1205 2453 1328 2496 non

121 2521 309 2588 minus
326 2542 414 2590 me
426 2521 496 2588 de
510 2521 658 2586 illius
683 2543 742 2583 re
760 2518 1032 2600 laborare,
1054 2539 1218 2604 quam
1241 2523 1329 2603 ip·
