1709 3084
361 127 450 190 86
584 127 712 184 AD
751 121 1361 186 FAMILIARES

359 229 444 304 hi,
464 239 524 288 et
536 223 861 307 reipublicae
877 223 1005 284 tulit
1022 224 1282 287 fructum.
1332 245 1588 310 namque

359 313 577 380 affiduis
592 313 949 374 internuntiis
966 310 1091 372 cum
1116 313 1332 394 Lepido
1348 316 1463 392 egi,
1486 332 1581 394 ut,

359 399 551 478 omiffa
579 401 735 462 omni
763 401 1151 476 contentione,
1181 401 1579 464 reconciliata-

357 509 470 570 que
485 487 776 548 voluntate
797 485 1007 563 nostra,
1026 487 1313 548 communi
1334 487 1577 551 consilio

357 573 690 656 reipublicae
712 571 1078 634 succurrerett
1111 572 1185 650 se,
1208 573 1439 652 liberos,
1472 596 1575 638 ur-

357 663 594 742 bemque
610 659 979 741 pluris,quam
994 681 1167 722 unum
1183 660 1461 738 perditum
1478 665 1581 724 ab·

349 749 672 830 jectumque
687 747 989 823 latronem,
1012 762 1247 829 putaret·
1273 747 1572 829 obsequio-

354 855 468 917 que
483 853 632 912 meo‚
647 832 717 895 fi
703 850 782 894 1ta
795 833 1021 910 faceret,
1030 834 1107 894 ad
1114 855 1311 895 omnes
1327 855 1415 894 res
1431 837 1570 896 abu·

357 938 592 984 teretur.
638 920 849 1026 profeci
880 923 1067 1001 itaque
1096 943 1193 1001 per
1216 921 1571 990 Laterensem

353 1011 789 1073 internuntium.
834 1007 998 1070 fidem
1010 1009 1147 1070 mihi
1164 1007 1339 1085 dedit,
1368 1007 1421 1070 se
1442 1016 1569 1072 An·

353 1100 606 1175 tunium,
624 1095 664 1158 fi
687 1099 979 1179 prohibere
1000 1097 1291 1178 provincia
1319 1093 1413 1156 sua
1440 1117 1569 1160 non

353 1181 642 1270 potuiffet,
690 1183 838 1246 bello
876 1181 1330 1266 persecuturum.
1358 1203 1470 1259 me,
1502 1199 1570 1246 ut

352 1274 630 1344 venirem,
645 1269 937 1352 copiasque
950 1273 1374 1350 conjungerem,
1396 1291 1565 1350 roga·

353 1361 472 1422 vitt
513 1378 693 1440 eoque
722 1359 925 1438 magis,
952 1357 1107 1440 quod
1122 1373 1179 1420 et
1192 1358 1565 1428 Antoniusab

347 1448 608 1528 equitatu
638 1443 828 1507 firmus
853 1442 957 1506 effe
980 1445 1284 1523 dicebatur,
1306 1459 1365 1506 et
1394 1447 1565 1528 Lepi-

351 1534 462 1599 dus
479 1554 550 1595 ne
563 1533 897 1596 mediocrem
910 1532 1133 1614 quidem
1146 1534 1455 1613 equitatum
1468 1536 1567 1596 ha-

351 1625 540 1686 bebat.
573 1643 702 1684 nam
715 1623 883 1692 etiam
897 1641 969 1682 ex
992 1621 1262 1702 paucitate
1276 1621 1421 1700 ejus,
1436 1641 1563 1684 non

311 1739 318 1743 ·
353 1711 548 1774 multis
569 1725 700 1772 ante
727 1708 943 1786 diebus,
978 1707 1190 1784 decem,
1228 1708 1327 1787 qui
1356 1709 1564 1788 optimi

349 1797 596 1874 fuerant,
606 1797 678 1858 ad
697 1816 786 1860 me
801 1793 1154 1856 transierunt.
1174 1796 1375 1874 quibus
1390 1797 1559 1858 rebus

350 1905 460 1964 ego
475 1885 717 1963 cognitis
731 1885 1021 1944 cunctatus
1038 1901 1161 1942 non
1175 1880 1289 1942 sum
1310 1903 1327 1942 ι
1352 1883 1417 1942 in
1432 1903 1559 1945 cur·

351 1971 416 2034 su
429 1975 708 2032 bonorum
723 1966 1080 2031 consiliorum
1102 1967 1375 2050 Lepidum
1398 1967 1487 2048 adj
1497 1990 1559 2029 u-

351 2057 600 2122 vandum
637 2056 848 2140 putavi.
916 2055 1191 2117 adventus
1228 2075 1383 2116 meus
1419 2055 1559 2136 quId

349 2145 696 2230 profecturus
711 2140 861 2220 esset,
870 2142 1011 2205 vidie
1035 2142 1121 2204 vel
1138 2141 1289 2223 quod
1304 2144 1557 2222 equitatu

348 2253 481 2297 meo
512 2231 762 2314 persequi
799 2245 967 2311 atque
998 2231 1309 2312 opprimere
1340 2231 1554 2308 equita-

349 2335 472 2380 tum
488 2321 608 2397 ejus
625 2315 853 2400 possem:
874 2315 967 2378 vel
979 2317 1135 2397 quod
1148 2318 1431 2378 exercitiis
1446 2323 1553 2378 Le·

351 2405 469 2485 pidi
499 2424 620 2464 eam
659 2420 895 2484 partem,
918 2421 1059 2483 quae
1088 2419 1349 2484 corrupta
1376 2401 1474 2477 est,
1498 2418 1555 2464 et

353 2493 425 2553 ab
439 2489 712 2574 republica
725 2491 979 2568 alienata,
1000 2505 1057 2550 et
1072 2491 1369 2570 corrigere,
1384 2504 1445 2550 et
1456 2509 1555 2554 co·
